@inproceedings{luo2016commonsense,
  title={Commonsense Causal Reasoning between Short Texts.},
  author={Luo, Zhiyi and Sha, Yuchen and Zhu, Kenny Q and Hwang, Seung-won and Wang, Zhongyuan},
  booktitle={KR},
  pages={421--431},
  year={2016}
}

@inproceedings{roemmele2011choice,
	title={Choice of Plausible Alternatives: An Evaluation of Commonsense Causal Reasoning.},
	author={Roemmele, Melissa and Bejan, Cosmin Adrian and Gordon, Andrew S},
	booktitle={AAAI Spring Symposium: Logical Formalizations of Commonsense Reasoning},
	pages={90--95},
	year={2011}
}

@inproceedings{mikolov2013distributed,
	title={Distributed representations of words and phrases and their compositionality},
	author={Mikolov, Tomas and Sutskever, Ilya and Chen, Kai and Corrado, Greg S and Dean, Jeff},
	booktitle={Advances in neural information processing systems},
	pages={3111--3119},
	year={2013}
}

@inproceedings{singh2002open,
	title={Open Mind Common Sense: Knowledge acquisition from the general public},
	author={Singh, Push and Lin, Thomas and Mueller, Erik T and Lim, Grace and Perkins, Travell and Zhu, Wan Li},
	booktitle={OTM Confederated International Conferences" On the Move to Meaningful Internet Systems"},
	pages={1223--1237},
	year={2002},
	organization={Springer}
}

@article{mitra2016dual,
	title={A dual embedding space model for document ranking},
	author={Mitra, Bhaskar and Nalisnick, Eric and Craswell, Nick and Caruana, Rich},
	journal={arXiv preprint arXiv:1602.01137},
	year={2016}
}

@article{schakel2015measuring,
	title={Measuring word significance using distributed representations of words},
	author={Schakel, Adriaan MJ and Wilson, Benjamin J},
	journal={arXiv preprint arXiv:1508.02297},
	year={2015}
}

@InProceedings{manning-EtAl:2014:P14-5,
	author    = {Manning, Christopher D. and  Surdeanu, Mihai  and  Bauer, John  and  Finkel, Jenny  and  Bethard, Steven J. and  McClosky, David},
	title     = {The {Stanford} {CoreNLP} Natural Language Processing Toolkit},
	booktitle = {Association for Computational Linguistics (ACL) System Demonstrations},
	year      = {2014},
	pages     = {55--60},
	url       = {http://www.aclweb.org/anthology/P/P14/P14-5010}
}

@book{bird2009natural,
	title={Natural language processing with Python: analyzing text with the natural language toolkit},
	author={Bird, Steven and Klein, Ewan and Loper, Edward},
	year={2009},
	publisher={" O'Reilly Media, Inc."}
}

@article{nelson2004university,
	title={The University of South Florida free association, rhyme, and word fragment norms},
	author={Nelson, Douglas L and McEvoy, Cathy L and Schreiber, Thomas A},
	journal={Behavior Research Methods, Instruments, \& Computers},
	volume={36},
	number={3},
	pages={402--407},
	year={2004},
	publisher={Springer}
}

@article{miller1995wordnet,
	title={WordNet: a lexical database for English},
	author={Miller, George A},
	journal={Communications of the ACM},
	volume={38},
	number={11},
	pages={39--41},
	year={1995},
	publisher={ACM}
}

@inproceedings{speer2012representing,
	title={Representing General Relational Knowledge in ConceptNet 5.},
	author={Speer, Robert and Havasi, Catherine},
	booktitle={LREC},
	pages={3679--3686},
	year={2012}
}

@inproceedings{havasi2007conceptnet,
	title={ConceptNet 3: a flexible, multilingual semantic network for common sense knowledge},
	author={Havasi, Catherine and Speer, Robert and Alonso, Jason},
	booktitle={Recent advances in natural language processing},
	pages={27--29},
	year={2007},
	organization={Citeseer}
}

@article{tandon2017webchild,
	title={WebChild 2.0: fine-grained commonsense knowledge distillation},
	author={Tandon, Niket and de Melo, Gerard and Weikum, Gerhard},
	journal={Proceedings of ACL 2017, System Demonstrations},
	pages={115--120},
	year={2017}
}

@inproceedings{zhao2017constructing,
	title={Constructing and embedding abstract event causality networks from text snippets},
	author={Zhao, Sendong and Wang, Quan and Massung, Sean and Qin, Bing and Liu, Ting and Wang, Bin and Zhai, ChengXiang},
	booktitle={Proceedings of the Tenth ACM International Conference on Web Search and Data Mining},
	pages={335--344},
	year={2017},
	organization={ACM}
}

@inproceedings{beamer2009using,
	title={Using a bigram event model to predict causal potential},
	author={Beamer, Brandon and Girju, Roxana},
	booktitle={International Conference on Intelligent Text Processing and Computational Linguistics},
	pages={430--441},
	year={2009},
	organization={Springer}
}

@inproceedings{bethard2006identification,
	title={Identification of event mentions and their semantic class},
	author={Bethard, Steven and Martin, James H},
	booktitle={Proceedings of the 2006 Conference on Empirical Methods in Natural Language Processing},
	pages={146--154},
	year={2006},
	organization={Association for Computational Linguistics}
}

@inproceedings{riaz2010another,
	title={Another look at causality: Discovering scenario-specific contingency relationships with no supervision},
	author={Riaz, Mehwish and Girju, Roxana},
	booktitle={Semantic Computing (ICSC), 2010 IEEE Fourth International Conference on},
	pages={361--368},
	year={2010},
	organization={IEEE}
}


@inproceedings{riaz2013toward,
	title={Toward a better understanding of causality between verbal events: Extraction and analysis of the causal power of verb-verb associations},
	author={Riaz, Mehwish and Girju, Roxana},
	booktitle={Proceedings of the SIGDIAL 2013 Conference},
	pages={21--30},
	year={2013}
}

@inproceedings{riaz2014recognizing,
	title={Recognizing causality in verb-noun pairs via noun and verb semantics},
	author={Riaz, Mehwish and Girju, Roxana},
	booktitle={Proceedings of the EACL 2014 Workshop on Computational Approaches to Causality in Language (CAtoCL)},
	pages={48--57},
	year={2014}
}

@inproceedings{girju2002mining,
	title={Mining answers for causation questions},
	author={Girju, Roxana and Moldovan, Dan},
	booktitle={AAAI symposium on mining answers from texts and knowledge bases},
	year={2002}
}

@inproceedings{girju2003automatic,
	title={Automatic detection of causal relations for question answering},
	author={Girju, Roxana},
	booktitle={Proceedings of the ACL 2003 workshop on Multilingual summarization and question answering-Volume 12},
	pages={76--83},
	year={2003},
	organization={Association for Computational Linguistics}
}

@inproceedings{hashimoto2014toward,
	title={Toward future scenario generation: Extracting event causality exploiting semantic relation, context, and association features},
	author={Hashimoto, Chikara and Torisawa, Kentaro and Kloetzer, Julien and Sano, Motoki and Varga, Istv{\'a}n and Oh, Jong-Hoon and Kidawara, Yutaka},
	booktitle={Proceedings of the 52nd Annual Meeting of the Association for Computational Linguistics (Volume 1: Long Papers)},
	volume={1},
	pages={987--997},
	year={2014}
}

@inproceedings{radinsky2012learning,
	title={Learning causality for news events prediction},
	author={Radinsky, Kira and Davidovich, Sagie and Markovitch, Shaul},
	booktitle={Proceedings of the 21st international conference on World Wide Web},
	pages={909--918},
	year={2012},
	organization={ACM}
}

@inproceedings{gordon2011commonsense,
	title={Commonsense Causal Reasoning Using Millions of Personal Stories.},
	author={Gordon, Andrew S and Bejan, Cosmin Adrian and Sagae, Kenji},
	booktitle={AAAI},
	year={2011}
}