
@inproceedings{hatzivassiloglou_detecting_1999,
	title = {Detecting text similarity over short passages: Exploring linguistic feature combinations via machine learning},
	shorttitle = {Detecting text similarity over short passages},
	booktitle = {Proceedings of the 1999 joint sigdat conference on empirical methods in natural language processing and very large corpora},
	author = {Hatzivassiloglou, V. and Klavans, J. and Eskin, E.},
	year = {1999},
	pages = {203–212},
	file = {[PDF] from psu.edu:files/988/Hatzivassiloglou et al. - 1999 - Detecting text similarity over short passages Exp.pdf:application/pdf}
},

@article{resnik_semantic_2011,
	title = {Semantic similarity in a taxonomy: An information-based measure and its application to problems of ambiguity in natural language},
	shorttitle = {Semantic similarity in a taxonomy},
	journal = {Arxiv preprint {arXiv:1105.5444}},
	author = {Resnik, P.},
	year = {2011},
	file = {[PDF] from arxiv.org:files/1052/Resnik - 2011 - Semantic similarity in a taxonomy An information-.pdf:application/pdf;Snapshot:files/1070/Resnik - 2011 - Semantic similarity in a taxonomy An information-.html:text/html}
},

@inproceedings{zelikovitz_improving_2000,
	title = {Improving short text classification using unlabeled background knowledge to assess document similarity},
	booktitle = {Proceedings of the Seventeenth International Conference on Machine Learning},
	author = {Zelikovitz, S. and Hirsh, H.},
	year = {2000},
	pages = {1183–1190}
},

@article{lee_empirical_2005,
	title = {An empirical evaluation of models of text document similarity},
	journal = {Cognitive Science},
	author = {Lee, M. D and Pincombe, B. M. and Welsh, M. B},
	year = {2005},
	file = {[PDF] from adelaide.edu.au:files/1100/Lee et al. - 2005 - An empirical evaluation of models of text document.pdf:application/pdf;Snapshot:files/1147/Lee et al. - 2005 - An empirical evaluation of models of text document.html:text/html}
},

@inproceedings{sahami_web-based_2006,
	title = {A web-based kernel function for measuring the similarity of short text snippets},
	booktitle = {Proceedings of the 15th international conference on World Wide Web},
	author = {Sahami, M. and Heilman, T. D},
	year = {2006},
	pages = {377–386},
	file = {[PDF] from google.com:files/1149/Sahami and Heilman - 2006 - A web-based kernel function for measuring the simi.pdf:application/pdf;Snapshot:files/1150/Sahami and Heilman - 2006 - A web-based kernel function for measuring the simi.html:text/html}
},

@inproceedings{mihalcea_corpus-based_2006,
	title = {Corpus-based and knowledge-based measures of text semantic similarity},
	volume = {21},
	booktitle = {Proceedings of the national conference on artificial intelligence},
	author = {Mihalcea, R. and Corley, C. and Strapparava, C.},
	year = {2006},
	pages = {775},
	file = {Snapshot:files/1152/Mihalcea et al. - 2006 - Corpus-based and knowledge-based measures of text .html:text/html}
},

@inproceedings{yih_improving_2007,
	title = {Improving similarity measures for short segments of text},
	volume = {22},
	booktitle = {Proceedings Of The National Conference On Artificial Intelligence},
	author = {Yih, W. T and Meek, C.},
	year = {2007},
	pages = {1489},
	file = {[PDF] from rightnow.com:files/1154/Yih and Meek - 2007 - Improving similarity measures for short segments o.pdf:application/pdf;Snapshot:files/1155/Yih and Meek - 2007 - Improving similarity measures for short segments o.html:text/html}
},

@article{metzler_similarity_2007,
	title = {Similarity measures for short segments of text},
	journal = {Advances in Information Retrieval},
	author = {Metzler, D. and Dumais, S. and Meek, C.},
	year = {2007},
	pages = {16–27},
	file = {[PDF] from psu.edu:files/1157/Metzler et al. - 2007 - Similarity measures for short segments of text.pdf:application/pdf;Snapshot:files/1158/Metzler et al. - 2007 - Similarity measures for short segments of text.html:text/html}
},

@inproceedings{oshea_comparative_2008,
	title = {A comparative study of two short text semantic similarity measures},
	booktitle = {Proceedings of the 2nd {KES} International conference on Agent and multi-agent systems: technologies and applications},
	author = {{O'Shea}, J. and Bandar, Z. and Crockett, K. and {McLean}, D.},
	year = {2008},
	pages = {172–181},
	file = {[PDF] from mmu.ac.uk:files/1160/O'Shea et al. - 2008 - A comparative study of two short text semantic sim.pdf:application/pdf;Snapshot:files/1161/O'Shea et al. - 2008 - A comparative study of two short text semantic sim.html:text/html}
},

@article{islam_semantic_2008,
	title = {Semantic text similarity using corpus-based word similarity and string similarity},
	volume = {2},
	number = {2},
	journal = {{ACM} Transactions on Knowledge Discovery from Data {(TKDD)}},
	author = {Islam, A. and Inkpen, D.},
	year = {2008},
	pages = {10},
	file = {[PDF] from 140.134.131.64:files/1163/Islam and Inkpen - 2008 - Semantic text similarity using corpus-based word s.pdf:application/pdf;Snapshot:files/1164/Islam and Inkpen - 2008 - Semantic text similarity using corpus-based word s.html:text/html}
},

@inproceedings{xu_learning_2011,
	title = {Learning similarity function for rare queries},
	booktitle = {Proceedings of the fourth {ACM} international conference on Web search and data mining},
	author = {Xu, J. and Xu, G.},
	year = {2011},
	pages = {615–624},
	file = {Snapshot:files/1167/Xu and Xu - 2011 - Learning similarity function for rare queries.html:text/html}
},

@inproceedings{guo_intent-aware_2011,
	title = {Intent-aware query similarity},
	booktitle = {Proceedings of the 20th {ACM} international conference on Information and knowledge management},
	author = {Guo, J. and Cheng, X. and Xu, G. and Zhu, X.},
	year = {2011},
	pages = {259–268},
	file = {[PDF] from searchforum.org.cn:files/1169/Guo et al. - 2011 - Intent-aware query similarity.pdf:application/pdf;Snapshot:files/1170/Guo et al. - 2011 - Intent-aware query similarity.html:text/html}
},

@inproceedings{lesk_automatic_1986,
	title = {Automatic sense disambiguation using machine readable dictionaries: how to tell a pine cone from an ice cream cone},
	shorttitle = {Automatic sense disambiguation using machine readable dictionaries},
	booktitle = {Proceedings of the 5th annual international conference on Systems documentation},
	author = {Lesk, M.},
	year = {1986},
	pages = {24–26},
	file = {[PDF] from uni-stuttgart.de:files/1172/Lesk - 1986 - Automatic sense disambiguation using machine reada.pdf:application/pdf;Snapshot:files/1173/Lesk - 1986 - Automatic sense disambiguation using machine reada.html:text/html}
},

@inproceedings{wu_verbs_1994,
	title = {Verbs semantics and lexical selection},
	booktitle = {Proceedings of the 32nd annual meeting on Association for Computational Linguistics},
	author = {Wu, Z. and Palmer, M.},
	year = {1994},
	pages = {133–138},
	file = {[PDF] from upenn.edu:files/1175/Wu and Palmer - 1994 - Verbs semantics and lexical selection.pdf:application/pdf;Snapshot:files/1176/Wu and Palmer - 1994 - Verbs semantics and lexical selection.html:text/html}
},

@article{turney_mining_2001,
	title = {Mining the Web for Synonyms: {PMI-IR} versus {LSA} on {TOEFL}},
	shorttitle = {Mining the Web for Synonyms},
	author = {Turney, P. and others},
	year = {2001},
	file = {[PDF] from nrc-cnrc.gc.ca:files/1178/Turney and others - 2001 - Mining the Web for Synonyms PMI-IR versus LSA on .pdf:application/pdf;Snapshot:files/1179/Turney and others - 2001 - Mining the Web for Synonyms PMI-IR versus LSA on .html:text/html}
},

@article{landauer_introduction_1998,
	title = {An introduction to latent semantic analysis},
	volume = {25},
	number = {2-3},
	journal = {Discourse processes},
	author = {Landauer, T. K and Foltz, P. W and Laham, D.},
	year = {1998},
	pages = {259–284},
	file = {[PDF] from googlecode.com:files/1181/Landauer et al. - 1998 - An introduction to latent semantic analysis.pdf:application/pdf;Snapshot:files/1182/Landauer et al. - 1998 - An introduction to latent semantic analysis.html:text/html}
},

@inproceedings{fitzpatrick_automatic_1997,
	title = {Automatic feedback using past queries: social searching?},
	volume = {31},
	shorttitle = {Automatic feedback using past queries},
	booktitle = {{ACM} {SIGIR} Forum},
	author = {Fitzpatrick, L. and Dent, M.},
	year = {1997},
	pages = {306–313},
	file = {Snapshot:files/1184/Fitzpatrick and Dent - 1997 - Automatic feedback using past queries social sear.html:text/html}
},

@inproceedings{burges_learning_2005,
	title = {Learning to rank using gradient descent},
	booktitle = {Proceedings of the 22nd international conference on Machine learning},
	author = {Burges, C. and Shaked, T. and Renshaw, E. and Lazier, A. and Deeds, M. and Hamilton, N. and Hullender, G.},
	year = {2005},
	pages = {89–96},
	file = {[PDF] from nthu.edu.tw:files/1186/Burges et al. - 2005 - Learning to rank using gradient descent.pdf:application/pdf;Snapshot:files/1187/Burges et al. - 2005 - Learning to rank using gradient descent.html:text/html}
},

@inproceedings{jones_generating_2006,
	title = {Generating query substitutions},
	booktitle = {Proceedings of the 15th international conference on World Wide Web},
	author = {Jones, R. and Rey, B. and Madani, O. and Greiner, W.},
	year = {2006},
	pages = {387–396},
	file = {[PDF] from ucsc.edu:files/1189/Jones et al. - 2006 - Generating query substitutions.pdf:application/pdf;Snapshot:files/1190/Jones et al. - 2006 - Generating query substitutions.html:text/html}
},

@inproceedings{mei_query_2008,
	title = {Query suggestion using hitting time},
	booktitle = {Proceedings of the 17th {ACM} conference on Information and knowledge management},
	author = {Mei, Q. and Zhou, D. and Church, K.},
	year = {2008},
	pages = {469–478},
	file = {[PDF] from psu.edu:files/1192/Mei et al. - 2008 - Query suggestion using hitting time.pdf:application/pdf;Snapshot:files/1193/Mei et al. - 2008 - Query suggestion using hitting time.html:text/html}
},

@inproceedings{ma_learning_2008,
	title = {Learning latent semantic relations from clickthrough data for query suggestion},
	booktitle = {Proceeding of the 17th {ACM} conference on Information and knowledge management},
	author = {Ma, H. and Yang, H. and King, I. and Lyu, M. R},
	year = {2008},
	pages = {709–718},
	file = {[PDF] from cuhk.edu.hk:files/1195/Ma et al. - 2008 - Learning latent semantic relations from clickthrou.pdf:application/pdf;Snapshot:files/1196/Ma et al. - 2008 - Learning latent semantic relations from clickthrou.html:text/html}
},

@inproceedings{beeferman_agglomerative_2000,
	title = {Agglomerative clustering of a search engine query log},
	booktitle = {Proceedings of the sixth {ACM} {SIGKDD} international conference on Knowledge discovery and data mining},
	author = {Beeferman, D. and Berger, A.},
	year = {2000},
	pages = {407–416},
	file = {[PDF] from unive.it:files/1198/Beeferman and Berger - 2000 - Agglomerative clustering of a search engine query .pdf:application/pdf;Snapshot:files/1199/Beeferman and Berger - 2000 - Agglomerative clustering of a search engine query .html:text/html}
},

@inproceedings{wen_clustering_2001,
	title = {Clustering user queries of a search engine},
	booktitle = {Proceedings of the 10th international conference on World Wide Web},
	author = {Wen, J. R and Nie, J. Y and Zhang, H. J},
	year = {2001},
	pages = {162–168},
	file = {[PDF] from psu.edu:files/1201/Wen et al. - 2001 - Clustering user queries of a search engine.pdf:application/pdf;Snapshot:files/1202/Wen et al. - 2001 - Clustering user queries of a search engine.html:text/html}
},

@inproceedings{zhang_mining_2006,
	title = {Mining search engine query logs for query recommendation},
	booktitle = {Proceedings of the 15th international conference on World Wide Web},
	author = {Zhang, Z. and Nasraoui, O.},
	year = {2006},
	pages = {1039–1040},
	file = {[PDF] from ethz.ch:files/1204/Zhang and Nasraoui - 2006 - Mining search engine query logs for query recommen.pdf:application/pdf}
},

@inproceedings{boldi_query-flow_2008,
	title = {The query-flow graph: model and applications},
	shorttitle = {The query-flow graph},
	booktitle = {Proceedings of the 17th {ACM} conference on Information and knowledge management},
	author = {Boldi, P. and Bonchi, F. and Castillo, C. and Donato, D. and Gionis, A. and Vigna, S.},
	year = {2008},
	pages = {609–618},
	file = {Snapshot:files/1207/Boldi et al. - 2008 - The query-flow graph model and applications.html:text/html}
},

@article{antonellis_simrank++:_2008,
	title = {Simrank++: Query rewriting through link analysis of the click graph},
	volume = {1},
	shorttitle = {Simrank++},
	number = {1},
	journal = {Proceedings of the {VLDB} Endowment},
	author = {Antonellis, I. and Molina, H. G and Chang, C. C},
	year = {2008},
	pages = {408–421},
	file = {[PDF] from arxiv.org:files/1209/Antonellis et al. - 2008 - Simrank++ Query rewriting through link analysis o.pdf:application/pdf;Snapshot:files/1210/Antonellis et al. - 2008 - Simrank++ Query rewriting through link analysis o.html:text/html}
},

@inproceedings{craswell_random_2007,
	title = {Random walks on the click graph},
	booktitle = {Proceedings of the 30th annual international {ACM} {SIGIR} conference on Research and development in information retrieval},
	author = {Craswell, N. and Szummer, M.},
	year = {2007},
	pages = {239–246},
	file = {[PDF] from microsoft.com:files/1212/Craswell and Szummer - 2007 - Random walks on the click graph.pdf:application/pdf;Snapshot:files/1213/Craswell and Szummer - 2007 - Random walks on the click graph.html:text/html}
},

@inproceedings{ma_learning_2008-1,
	title = {Learning latent semantic relations from clickthrough data for query suggestion},
	booktitle = {Proceeding of the 17th {ACM} conference on Information and knowledge management},
	author = {Ma, H. and Yang, H. and King, I. and Lyu, M. R},
	year = {2008},
	pages = {709–718},
	file = {[PDF] from cuhk.edu.hk:files/1215/Ma et al. - 2008 - Learning latent semantic relations from clickthrou.pdf:application/pdf;Snapshot:files/1216/Ma et al. - 2008 - Learning latent semantic relations from clickthrou.html:text/html}
},

@inproceedings{boldi_query-flow_2008-1,
	title = {The query-flow graph: model and applications},
	shorttitle = {The query-flow graph},
	booktitle = {Proceedings of the 17th {ACM} conference on Information and knowledge management},
	author = {Boldi, P. and Bonchi, F. and Castillo, C. and Donato, D. and Gionis, A. and Vigna, S.},
	year = {2008},
	pages = {609–618},
	file = {Snapshot:files/1219/Boldi et al. - 2008 - The query-flow graph model and applications.html:text/html}
},

@inproceedings{boldi_query_2009,
	title = {Query suggestions using query-flow graphs},
	booktitle = {Proceedings of the 2009 workshop on Web Search Click Data},
	author = {Boldi, P. and Bonchi, F. and Castillo, C. and Donato, D. and Vigna, S.},
	year = {2009},
	pages = {56–63},
	file = {[PDF] from psu.edu:files/1221/Boldi et al. - 2009 - Query suggestions using query-flow graphs.pdf:application/pdf;Snapshot:files/1222/Boldi et al. - 2009 - Query suggestions using query-flow graphs.html:text/html}
},

@inproceedings{bordino_query_2010,
	title = {Query similarity by projecting the query-flow graph},
	booktitle = {Proceeding of the 33rd international {ACM} {SIGIR} conference on Research and development in information retrieval},
	author = {Bordino, I. and Castillo, C. and Donato, D. and Gionis, A.},
	year = {2010},
	pages = {515–522},
	file = {[PDF] from chato.cl:files/1224/Bordino et al. - 2010 - Query similarity by projecting the query-flow grap.pdf:application/pdf;Snapshot:files/1225/Bordino et al. - 2010 - Query similarity by projecting the query-flow grap.html:text/html}
},

@inproceedings{baeza-yates_query_2005,
	title = {Query recommendation using query logs in search engines},
	booktitle = {Current Trends in Database {Technology-EDBT} 2004 Workshops},
	author = {{Baeza-Yates}, R. and Hurtado, C. and Mendoza, M.},
	year = {2005},
	pages = {395–397},
	file = {[PDF] from psu.edu:files/1227/Baeza-Yates et al. - 2005 - Query recommendation using query logs in search en.pdf:application/pdf;Snapshot:files/1228/Baeza-Yates et al. - 2005 - Query recommendation using query logs in search en.html:text/html}
},

@inproceedings{beeferman_agglomerative_2000-1,
	title = {Agglomerative clustering of a search engine query log},
	booktitle = {Proceedings of the sixth {ACM} {SIGKDD} international conference on Knowledge discovery and data mining},
	author = {Beeferman, D. and Berger, A.},
	year = {2000},
	pages = {407–416},
	file = {[PDF] from unive.it:files/1230/Beeferman and Berger - 2000 - Agglomerative clustering of a search engine query .pdf:application/pdf;Snapshot:files/1231/Beeferman and Berger - 2000 - Agglomerative clustering of a search engine query .html:text/html}
}

@inproceedings{Lin98:info-theory,
  author    = {Dekang Lin},
  title     = {An Information-Theoretic Definition of Similarity},
  booktitle = {ICML},
  year      = {1998},
  pages     = {296-304}
}

@inproceedings{Dagan1993:context,
 author = {Dagan, Ido and Marcus, Shaul and Markovitch, Shaul},
 title = {Contextual word similarity and estimation from sparse data},
 booktitle = {ACL},
 year = {1993},
 pages = {164--171}
}

@inproceedings{Terra2003:FES,
 author = {Terra, Egidio and Clarke, C. L. A.},
 title = {Frequency estimates for statistical word similarity measures},
 booktitle = {NAACL},
 year = {2003},
 pages = {165--172}
}

@article{dagan1999similarity,
  title={Similarity-based models of word cooccurrence probabilities},
  author={Dagan, Ido and Lee, Lillian and Pereira, Fernando CN},
  journal={Machine Learning},
  volume={34},
  number={1-3},
  pages={43--69},
  year={1999}
} 

@inproceedings{Lee1999:MDS,
 author = {Lee, Lillian},
 title = {Measures of distributional similarity},
 booktitle = {ACL},
 year = {1999},
 pages = {25--32}
}

@article{li2003approach,
  title={An approach for measuring semantic similarity between words using multiple information sources},
  author={Li, Yuhua and Bandar, Zuhair A and McLean, David},
  journal={Knowledge and Data Engineering, IEEE Transactions on},
  volume={15},
  number={4},
  pages={871--882},
  year={2003},
}

@inproceedings{navigli2012babelrelate,
  title={BabelRelate! A Joint Multilingual Approach to Computing Semantic Relatedness.},
  author={Navigli, Roberto and Ponzetto, Simone Paolo},
  booktitle={AAAI},
  year={2012}
}

@inproceedings{pedersen2010information,
  title={Information content measures of semantic similarity perform better without sense-tagged text},
  author={Pedersen, Ted},
  booktitle={HLT-NAACL},
  pages={329--332},
  year={2010},
}

@inproceedings{radinsky2011word,
  title={A word at a time: computing word relatedness using temporal semantic analysis},
  author={Radinsky, Kira and Agichtein, Eugene and Gabrilovich, Evgeniy and Markovitch, Shaul},
  booktitle={WWW},
  pages={337--346},
  year={2011}
}

@inproceedings{agirre2009study,
  title={A study on similarity and relatedness using distributional and WordNet-based approaches},
  author={Agirre, Eneko and Alfonseca, Enrique and Hall, Keith and Kravalova, Jana and Pa{\c{s}}ca, Marius and Soroa, Aitor},
  booktitle={HLT-NAACL},
  pages={19--27},
  year={2009}
}

@article{tsatsaronis2010text,
  title={Text relatedness based on a word thesaurus},
  author={Tsatsaronis, George and Varlamis, Iraklis and Vazirgiannis, Michalis},
  journal={Journal of Artificial Intelligence Research},
  volume={37},
  number={1},
  pages={1--40},
  year={2010}
}

@incollection{pirro2010feature,
  title={A feature and information theoretic framework for semantic similarity and relatedness},
  author={Pirr{\'o}, Giuseppe and Euzenat, J{\'e}r{\^o}me},
  booktitle={The Semantic Web--ISWC 2010},
  pages={615--630},
  year={2010}
}

@article{pirro2009semantic,
  title={A semantic similarity metric combining features and intrinsic information content},
  author={Pirr{\'o}, Giuseppe},
  journal={Data \& Knowledge Engineering},
  volume={68},
  number={11},
  pages={1289--1308},
  year={2009},
  publisher={Elsevier}
}

@inproceedings{mohler2009text,
  title={Text-to-text semantic similarity for automatic short answer grading},
  author={Mohler, Michael and Mihalcea, Rada},
  booktitle={EACL},
  pages={567--575},
  year={2009}
}

@inproceedings{gabrilovich2007computing,
  title={Computing Semantic Relatedness Using Wikipedia-based Explicit Semantic Analysis.},
  author={Gabrilovich, Evgeniy and Markovitch, Shaul},
  booktitle={IJCAI},
  pages={1606--1611},
  year={2007}
}

@inproceedings{budanitsky2001semantic,
  title={Semantic distance in WordNet: An experimental, application-oriented evaluation of five measures},
  author={Budanitsky, Alexander and Hirst, Graeme},
  booktitle={Workshop on WordNet and Other Lexical Resources},
  volume={2},
  year={2001}
}

@article{budanitsky2006evaluating,
  title={Evaluating wordnet-based measures of lexical semantic relatedness},
  author={Budanitsky, Alexander and Hirst, Graeme},
  journal={Computational Linguistics},
  volume={32},
  number={1},
  pages={13--47},
  year={2006},
  publisher={MIT Press}
}

@article{bollegala2007measuring,
  title={Measuring semantic similarity between words using web search engines.},
  author={Bollegala, Danushka and Matsuo, Yutaka and Ishizuka, Mitsuru},
  journal={www},
  volume={7},
  pages={757--766},
  year={2007}
}

@inproceedings{huang2012improving,
  title={Improving word representations via global context and multiple word prototypes},
  author={Huang, Eric H and Socher, Richard and Manning, Christopher D and Ng, Andrew Y},
  booktitle={ACL},
  pages={873--882},
  year={2012}
}


