\bibliographystyle{./IEEEtran}
\bibliography{./icdm}

@incollection{van2005ontology,
  title={Ontology mapping: a way out of the medical tower of Babel?},
  author={Van Harmelen, Frank},
  booktitle={Artificial Intelligence in Medicine},
  pages={3--6},
  year={2005},
  publisher={Springer111}
}

@article{john2012semantic,
  title={What is Semantic Search?},
  author={John, Tony},
  journal={Techulator. Retrieved July},
  volume={13},
  year={2012}
}


@inproceedings{ceccaroni2002modeling,
  title={Modeling Utility Ontologies in Agentcities with a Collaborative Approach},
  author={Ceccaroni, Luigi and Ribiere, Myriam},
  booktitle={Proceedings of the workshop AAMAS},
  pages={W10},
  year={2002}
}

@inproceedings{gong2015representing,
  title={Representing Verbs as Argument Concepts},
  author={Yu Gone and Kaiqi Zhao and Kenny Q. Zhu},
  booktitle={AAAI},
  year={2015}
}

@article{gildea2002automatic,
  title={Automatic labeling of semantic roles},
  author={Gildea, Daniel and Jurafsky, Daniel},
  journal={Computational linguistics},
  volume={28},
  number={3},
  pages={245--288},
  year={2002},
  publisher={MIT press}
}

@article{resnik1996selectional,
  title={Selectional constraints: An information-theoretic model and its computational realization},
  author={Resnik, Philip},
  journal={Cognition},
  volume={61},
  number={1},
  pages={127--159},
  year={1996},
  publisher={Elsevier}
}

@inproceedings{wu2012probase,
  title={Probase: A Probabilistic Taxonomy for Text Understanding},
  author={Wu, Wentao and Li, Hongsong and Wang, Haixun and Zhu, Kenny Q},
  booktitle={ACM SIGMOD},
  year={2012}
}

@misc{wiktionary,
author={Wiktionary},
year = {2016},
title = {Wiktionary},
howpublished = "\url{http://www.wiktionary.org}"
}

@Book{wn,
    title = {WordNet: An Electronic Lexical Database},
    author = {Christiane Fellaum},
    year = {1998},
         publisher = {Bradford Books},
}

@article{palmer2005proposition,
  title={The proposition bank: An annotated corpus of semantic roles},
  author={Palmer, Martha and Gildea, Daniel and Kingsbury, Paul},
  journal={Computational linguistics},
  volume={31},
  number={1},
  pages={71--106},
  year={2005},
  publisher={MIT press}
}

@inproceedings{manning2014stanford,
  title={The Stanford CoreNLP Natural Language Processing Toolkit.},
  author={Manning, Christopher D and Surdeanu, Mihai and Bauer, John and Finkel, Jenny Rose and Bethard, Steven and McClosky, David},
  booktitle={ACL (System Demonstrations)},
  pages={55--60},
  year={2014}
}

@article{blei2003latent,
  title={Latent dirichlet allocation},
  author={Blei, David M and Ng, Andrew Y and Jordan, Michael I},
  journal={the Journal of machine Learning research},
  volume={3},
  pages={993--1022},
  year={2003},
  publisher={JMLR. org}
}

@book{rajaraman2012mining,
  title={Mining of massive datasets},
  author={Rajaraman, Anand and Ullman, Jeffrey D and Ullman, Jeffrey David and Ullman, Jeffrey David},
  volume={1},
  year={2012},
  publisher={Cambridge University Press Cambridge}
}

@inproceedings{papadimitriou1998latent,
  title={Latent semantic indexing: A probabilistic analysis},
  author={Papadimitriou, Christos H and Tamaki, Hisao and Raghavan, Prabhakar and Vempala, Santosh},
  booktitle={Proceedings of the seventeenth ACM SIGACT-SIGMOD-SIGART symposium on Principles of database systems},
  pages={159--168},
  year={1998},
  organization={ACM}
}

@inproceedings{ntoulas2004s,
  title={What's new on the web?: the evolution of the web from a search engine perspective},
  author={Ntoulas, Alexandros and Cho, Junghoo and Olston, Christopher},
  booktitle={Proceedings of the 13th international conference on World Wide Web},
  pages={1--12},
  year={2004},
  organization={ACM}
}

@inproceedings{kipper2000class,
  title={Class-based construction of a verb lexicon},
  author={Kipper, Karin and Dang, Hoa Trang and Palmer, Martha and others},
  booktitle={AAAI/IAAI},
  pages={691--696},
  year={2000}
}

@inproceedings{baker1998berkeley,
  title={The berkeley framenet project},
  author={Baker, Collin F and Fillmore, Charles J and Lowe, John B},
  booktitle={Proceedings of the 17th international conference on Computational linguistics-Volume 1},
  pages={86--90},
  year={1998},
  organization={Association for Computational Linguistics}
}

@inproceedings{demartini2013crowdq,
  title={CrowdQ: Crowdsourced Query Understanding.},
  author={Demartini, Gianluca and Trushkowsky, Beth and Kraska, Tim and Franklin, Michael J},
  booktitle={CIDR},
  year={2013}
}

@inproceedings{arguello2009sources,
  title={Sources of evidence for vertical selection},
  author={Arguello, Jaime and Diaz, Fernando and Callan, Jamie and Crespo, Jean-Francois},
  booktitle={Proceedings of the 32nd international ACM SIGIR conference on Research and development in information retrieval},
  pages={315--322},
  year={2009},
  organization={ACM}
}

@article{bonino2004ontology,
  title={Ontology driven semantic search},
  author={Bonino, Dario and Corno, Fulvio and Farinetti, Laura and Bosca, Alessio},
  journal={WSEAS Transaction on Information Science and Application},
  volume={1},
  number={6},
  pages={1597--1605},
  year={2004}
}

@inproceedings{pasca2008weakly,
  title={Weakly-Supervised Acquisition of Open-Domain Classes and Class Attributes from Web Documents and Query Logs.},
  author={Pasca, Marius and Van Durme, Benjamin},
  booktitle={ACL},
  pages={19--27},
  year={2008}
}

@inproceedings{manshadi2009semantic,
  title={Semantic tagging of web search queries},
  author={Manshadi, Mehdi and Li, Xiao},
  booktitle={Proceedings of the Joint Conference of the 47th Annual Meeting of the ACL and the 4th International Joint Conference on Natural Language Processing of the AFNLP: Volume 2-Volume 2},
  pages={861--869},
  year={2009},
  organization={Association for Computational Linguistics}
}

%Yuding and Hongfei
@inproceedings{allamanis2015bimodal,
  title={Bimodal modelling of source code and natural language},
  author={Allamanis, Miltos and Tarlow, Daniel and Gordon, Andrew and Wei, Yi},
  booktitle={Proceedings of the 32nd International Conference on Machine Learning (ICML-15)},
  pages={2123--2132},
  year={2015}
}

@inproceedings{song2008real,
  title={Real-time automatic tag recommendation},
  author={Song, Yang and Zhuang, Ziming and Li, Huajing and Zhao, Qiankun and Li, Jia and Lee, Wang-Chien and Giles, C Lee},
  booktitle={Proceedings of the 31st annual international ACM SIGIR conference on Research and development in information retrieval},
  pages={515--522},
  year={2008},
  organization={ACM}
}

@inproceedings{rendle2010pairwise,
  title={Pairwise interaction tensor factorization for personalized tag recommendation},
  author={Rendle, Steffen and Schmidt-Thieme, Lars},
  booktitle={Proceedings of the third ACM international conference on Web search and data mining},
  pages={81--90},
  year={2010},
  organization={ACM}
}

@inproceedings{sigurbjornsson2008flickr,
  title={Flickr tag recommendation based on collective knowledge},
  author={Sigurbj{\"o}rnsson, B{\"o}rkur and Van Zwol, Roelof},
  booktitle={Proceedings of the 17th international conference on World Wide Web},
  pages={327--336},
  year={2008},
  organization={ACM}
}

@inproceedings{hindle2012naturalness,
  title={On the naturalness of software},
  author={Hindle, Abram and Barr, Earl T and Su, Zhendong and Gabel, Mark and Devanbu, Premkumar},
  booktitle={Software Engineering (ICSE), 2012 34th International Conference on},
  pages={837--847},
  year={2012},
  organization={IEEE}
}

@inproceedings{tu2014localness,
  title={On the localness of software},
  author={Tu, Zhaopeng and Su, Zhendong and Devanbu, Premkumar},
  booktitle={Proceedings of the 22nd ACM SIGSOFT International Symposium on Foundations of Software Engineering},
  pages={269--280},
  year={2014},
  organization={ACM}
}

@article{maddison2014structured,
  title={Structured generative models of natural source code},
  author={Maddison, Chris J and Tarlow, Daniel},
  journal={arXiv preprint arXiv:1401.0514},
  year={2014}
}

@article{movshovitz2013natural,
  title={Natural language models for predicting programming comments},
  author={Movshovitz-Attias, Dana and Cohen, William W},
  year={2013}
}

@article{bajracharya2014sourcerer,
  title={Sourcerer: An infrastructure for large-scale collection and analysis of open-source code},
  author={Bajracharya, Sushil and Ossher, Joel and Lopes, Cristina},
  journal={Science of Computer Programming},
  volume={79},
  pages={241--259},
  year={2014},
  publisher={Elsevier}
}

@inproceedings{keivanloo2014spotting,
  title={Spotting working code examples},
  author={Keivanloo, Iman and Rilling, Juergen and Zou, Ying},
  booktitle={Proceedings of the 36th International Conference on Software Engineering},
  pages={664--675},
  year={2014},
  organization={ACM}
}

@inproceedings{maletic2000using,
  title={Using latent semantic analysis to identify similarities in source code to support program understanding},
  author={Maletic, Jonathan I and Marcus, Andrian},
  booktitle={Tools with Artificial Intelligence, 2000. ICTAI 2000. Proceedings. 12th IEEE International Conference on},
  pages={46--53},
  year={2000},
  organization={IEEE}
}

@article{kuhn2007semantic,
  title={Semantic clustering: Identifying topics in source code},
  author={Kuhn, Adrian and Ducasse, St{\'e}phane and G{\'\i}rba, Tudor},
  journal={Information and Software Technology},
  volume={49},
  number={3},
  pages={230--243},
  year={2007},
  publisher={Elsevier}
}

@inproceedings{savage2010topic,
  title={Topic XP: Exploring topics in source code using Latent Dirichlet Allocation},
  author={Savage, Trevor and Dit, Bogdan and Gethers, Malcom and Poshyvanyk, Denys},
  booktitle={Software Maintenance (ICSM), 2010 IEEE International Conference on},
  pages={1--6},
  year={2010},
  organization={IEEE}
}

@inproceedings{maskeri2008mining,
  title={Mining business topics in source code using latent dirichlet allocation},
  author={Maskeri, Girish and Sarkar, Santonu and Heafield, Kenneth},
  booktitle={Proceedings of the 1st India software engineering conference},
  pages={113--120},
  year={2008},
  organization={ACM}
}

@inproceedings{heymann2008social,
  title={Social tag prediction},
  author={Heymann, Paul and Ramage, Daniel and Garcia-Molina, Hector},
  booktitle={Proceedings of the 31st annual international ACM SIGIR conference on Research and development in information retrieval},
  pages={531--538},
  year={2008},
  organization={ACM}
}

@article{garcia2016semantic,
  title={Semantic Code Browsing},
  author={Garcia-Contreras, Isabel and Morales, Jose F and Hermenegildo, Manuel V},
  journal={arXiv preprint arXiv:1608.02565},
  year={2016}
}

@inproceedings{iyer2016summarizing,
  title={Summarizing Source Code using a Neural Attention Model},
  author={Iyer, Srinivasan and Konstas, Ioannis and Cheung, Alvin and Zettlemoyer, Luke},
  booktitle={Proceedings of the 54th Annual Meeting of the Association for Computational Linguistics},
  pages={2073-2083},
  year={2016}
}

@inproceedings{reiss2009semantics,
  title={Semantics-based code search},
  author={Reiss, Steven P},
  booktitle={Proceedings of the 31st International Conference on Software Engineering},
  pages={243--253},
  year={2009},
  organization={IEEE Computer Society}
}

@phdthesis{punyamurthula2015dynamic,
  title={Dynamic model generation and semantic search for open source projects using big data analytics},
  author={Punyamurthula, Sravani},
  year={2015},
  school={Faculty of the University Of Missouri-Kansas City in partial fulfillment Of the requirements for the degree MASTER OF SCIENCE By SRAVANI PUNYAMURTHULA B. Tech, Jawaharlal Nehru Technological University}
}

@inproceedings{cai2016code,
  title={Code parallelization through sequential code search},
  author={Cai, Bowen},
  booktitle={Proceedings of the 38th International Conference on Software Engineering Companion},
  pages={695--697},
  year={2016},
  organization={ACM}
}

@article{adhiselvam2015enhanced,
  title={An Enhanced Approach for Software Bug Localization using Map Reduce Technique based Apriori (MRTBA) Algorithm},
  author={Adhiselvam, A and Kirubakaran, E and Sukumar, R},
  journal={Indian Journal of Science and Technology},
  volume={8},
  number={35},
  year={2015}
}

@article{maarek1991information,
  title={An information retrieval approach for automatically constructing software libraries},
  author={Maarek, Yo{\"e}lle S and Berry, Daniel M and Kaiser, Gail E},
  journal={IEEE Transactions on software Engineering},
  volume={17},
  number={8},
  pages={800--813},
  year={1991},
  publisher={IEEE}
}

@inproceedings{mcmillan2012recommending,
  title={Recommending source code for use in rapid software prototypes},
  author={McMillan, Collin and Hariri, Negar and Poshyvanyk, Denys and Cleland-Huang, Jane and Mobasher, Bamshad},
  booktitle={Proceedings of the 34th International Conference on Software Engineering},
  pages={848--858},
  year={2012},
  organization={IEEE Press}
}

@inproceedings{rollins1991specifications,
  title={Specifications as Search Keys for Software Libraries.},
  author={Rollins, Eugene J and Wing, Jeannette M},
  booktitle={ICLP},
  pages={173--187},
  year={1991},
  organization={Citeseer}
}

@article{mitchell2008hoogle,
  title={Hoogle overview},
  author={Mitchell, Neil},
  journal={The Monad. Reader},
  volume={12},
  pages={27--35},
  year={2008}
}

@article{williams2005automatic,
  title={Automatic mining of source code repositories to improve bug finding techniques},
  author={Williams, Chadd C and Hollingsworth, Jeffrey K},
  journal={IEEE Transactions on Software Engineering},
  volume={31},
  number={6},
  pages={466--480},
  year={2005},
  publisher={IEEE}
}

@article{gutmann2012noise,
  title={Noise-contrastive estimation of unnormalized statistical models, with applications to natural image statistics},
  author={Gutmann, Michael U and Hyv{\"a}rinen, Aapo},
  journal={Journal of Machine Learning Research},
  volume={13},
  number={Feb},
  pages={307--361},
  year={2012}
}

@inproceedings{mnih2013learning,
  title={Learning word embeddings efficiently with noise-contrastive estimation},
  author={Mnih, Andriy and Kavukcuoglu, Koray},
  booktitle={Advances in Neural Information Processing Systems},
  pages={2265--2273},
  year={2013}
}

@article{duchi2011adaptive,
  title={Adaptive subgradient methods for online learning and stochastic optimization},
  author={Duchi, John and Hazan, Elad and Singer, Yoram},
  journal={Journal of Machine Learning Research},
  volume={12},
  number={Jul},
  pages={2121--2159},
  year={2011}
}
