@INPROCEEDINGS{679661, 
author={Gaunard, P. and Mubikangiey, C.G. and Couvreur, C. and Fontaine, V.}, 
booktitle={Acoustics, Speech and Signal Processing, 1998. Proceedings of the 1998 IEEE International Conference on}, 
title={Automatic classification of environmental noise events by hidden Markov models}, 
year={1998}, 
month={May}, 
volume={6}, 
pages={3609-3612 vol.6}, 
keywords={acoustic signal processing;hidden Markov models;microphones;monitoring;noise pollution;pattern classification;spectral analysis;time-frequency analysis;HMM;acoustic signatures;aircraft;automatic classification;average human listener;average spectrum;car;classification test;correct classifications;environmental noise events;environmental noise recognition system;hidden Markov models;microphone;moped;noise monitoring system;noise signal;time-frequency analysis;time-frequency representation;train;truck;Acoustic noise;Active noise reduction;Aircraft;Computerized monitoring;Hidden Markov models;Humans;Microphones;Motorcycles;Time frequency analysis;Working environment noise}, 
doi={10.1109/ICASSP.1998.679661}, 
ISSN={1520-6149},}

@INPROCEEDINGS{5745009, 
author={Peltonen, Vesa and Tuomi, Juha and Klapuri, A. and Huopaniemi, Jyri and Sorsa, Timo}, 
booktitle={Acoustics, Speech, and Signal Processing (ICASSP), 2002 IEEE International Conference on}, 
title={Computational auditory scene recognition}, 
year={2002}, 
month={May}, 
volume={2}, 
pages={II-1941-II-1944}, 
keywords={Artificial neural networks;Libraries;Mel frequency cepstral coefficient;Rail transportation;Roads;Vehicles}, 
doi={10.1109/ICASSP.2002.5745009}, 
ISSN={1520-6149},}

@ARTICLE{1561288, 
author={Eronen, A.J. and Peltonen, V.T. and Tuomi, J.T. and Klapuri, A.P. and Fagerlund, S. and Sorsa, Timo and Lorho, G. and Huopaniemi, Jyri}, 
journal={Audio, Speech, and Language Processing, IEEE Transactions on}, 
title={Audio-based context recognition}, 
year={2006}, 
month={Jan}, 
volume={14}, 
number={1}, 
pages={321-329}, 
keywords={audio signal processing;computational complexity;feature extraction;hidden Markov models;pattern classification;14 sec;audio-based context recognition;automatic context classification;computational complexity;discriminative training;feature vectors;hidden Markov models;linear data-driven feature transformations;mel-cepstral features;recognition accuracy;resource-constrained portable devices;spectral features;test sequence length;Acoustic devices;Acoustic signal processing;Computational complexity;Context awareness;Feature extraction;Hidden Markov models;Humans;Mobile handsets;System testing;Vectors;Audio classification;context awareness;feature extraction;hidden Markov models (HMMs)}, 
doi={10.1109/TSA.2005.854103}, 
ISSN={1558-7916},}

@ARTICLE{5109766, 
author={Chu, S. and Narayanan, S. and Kuo, C.-C.J.}, 
journal={Audio, Speech, and Language Processing, IEEE Transactions on}, 
title={Environmental Sound Recognition With Time-Frequency Audio Features}, 
year={2009}, 
month={Aug}, 
volume={17}, 
number={6}, 
pages={1142-1158}, 
keywords={audio signal processing;pattern recognition;time-frequency analysis;Mel-frequency cepstral coefficients;audio sensor;broad flat spectrum;human recognition;matching pursuit algorithm;sound classification;sound recognition;temporal domain signatures;time-frequency audio features;Acoustic noise;Acoustic sensors;Cepstral analysis;Chirp;Humans;Insects;Layout;Matching pursuit algorithms;Rain;Spectral shape;Audio classification;Mel-frequency cepstral coefficient (MFCC);auditory scene recognition;data representation;feature extraction;feature selection;matching pursuit}, 
doi={10.1109/TASL.2009.2017438}, 
ISSN={1558-7916},}

@INPROCEEDINGS{5946409, 
author={Weninger, F. and Schuller, B.}, 
booktitle={Acoustics, Speech and Signal Processing (ICASSP), 2011 IEEE International Conference on}, 
title={Audio recognition in the wild: Static and dynamic classification on a real-world database of animal vocalizations}, 
year={2011}, 
month={May}, 
pages={337-340}, 
keywords={hidden Markov models;indexing;information retrieval;neural nets;speech recognition;support vector machines;Humboldt-University Animal Sound Archive;Long Short-Term Memory;Support Vector Machine;animal vocalization;audio recognition;categorization;cyclic Hidden Markov Model;dynamic classification;information indexing;information retrieval;real-world database;recurrent neural networks;speech recognition;static classification;Animals;Databases;Feature extraction;Hidden Markov models;Speech recognition;Support vector machines;Training;Audio Pattern Recognition;Bioacoustics;Sound Classification}, 
doi={10.1109/ICASSP.2011.5946409}, 
ISSN={1520-6149},}

@INPROCEEDINGS{Dubnov_audiosegmentation,
    author = {Shlomo Dubnov and Ted Apel},
    title = {Audio segmentation by singular value clustering},
    booktitle = {in Proc. Int. Conf. Computer Music (ICMC},
    year = {},
    pages = {454--457},
}

@ARTICLE{1621215, 
author={Lian-Hong Cai and Lie Lu and Hanjalic, A. and Hong-Jiang Zhang and Lian-Hong Cai}, 
journal={Audio, Speech, and Language Processing, IEEE Transactions on}, 
title={A flexible framework for key audio effects detection and auditory context inference}, 
year={2006}, 
month={May}, 
volume={14}, 
number={3}, 
pages={1026-1039}, 
keywords={audio signal processing;belief networks;hidden Markov models;inference mechanisms;statistical analysis;Bayesian network-based approach;auditory context inference;continuous audio stream;grammar network;hidden Markov models;key audio effects detection;semantic inference;statistical learning;Acoustic noise;Asia;Bayesian methods;Context modeling;Hidden Markov models;Layout;Motion pictures;Speech;Statistical learning;Streaming media;Audio content analysis;Bayesian network;auditory context;flexible framework;grammar network;key audio effect;multi-background model}, 
doi={10.1109/TSA.2005.857575}, 
ISSN={1558-7916},}

@inproceedings{heittola2010audio,
  title={Audio context recognition using audio event histograms},
  author={Heittola, Toni and Mesaros, Annamaria and Eronen, Antti and Virtanen, Tuomas},
  booktitle={18th European Signal Processing Conference},
  pages={1272--1276},
  year={2010}
}

@inproceedings{mesaros2010acoustic,
  title={Acoustic event detection in real life recordings},
  author={Mesaros, Annamaria and Heittola, Toni and Eronen, Antti and Virtanen, Tuomas},
  booktitle={18th European Signal Processing Conference},
  pages={1267--1271},
  year={2010}
}

@article{chumieee,
  title={IEEE AASP SCENE CLASSIFICATION CHALLENGE USING HIDDEN MARKOV MODELS AND FRAME BASED CLASSIFICATION},
  author={Chum, May and Habshush, Ariel and Rahman, Abrar and Sang, Christopher}
}

@article{elizaldevector,
  title={AN I-VECTOR BASED APPROACH FOR AUDIO SCENE DETECTION},
  author={Elizalde, Benjamin and Lei, Howard and Friedland, Gerald and Peters, Nils}
}
@article{geigerrecognising,
  title={RECOGNISING ACOUSTIC SCENES WITH LARGE-SCALE AUDIO FEATURE EXTRACTION AND SVM},
  author={Geiger, J{\"u}rgen T and Schuller, Bj{\"o}rn and Rigoll, Gerhard}
}
@article{krijnders400tone,
  title={A TONE-FIT FEATURE REPRESENTATION FOR SCENE CLASSIFICATION},
  author={Krijnders, Johannes D and Gineke, A},
}
@article{liauditory,
  title={AUDITORY SCENE CLASSIFICATION USING MACHINE LEARNING TECHNIQUES},
  author={Li, David and Tam, Jason and Toub, Derek}
}
@article{namacoustic,
  title={ACOUSTIC SCENE CLASSIFICATION USING SPARSE FEATURE LEARNING AND SELECTIVE MAX-POOLING BY EVENT DETECTION},
  author={Nam, Juhan and Hyung, Ziwon and Lee, Kyogu}
}
@article{nogueirasound,
  title={SOUND SCENE IDENTIFICATION BASED ON MFCC, BINAURAL FEATURES AND A SUPPORT VECTOR MACHINE CLASSIFIER},
  author={Nogueira, Waldo and Roma, Gerard and Herrera, Perfecto}
}
@article{emanuele,
  title={THE WONDERS OF THE NORMALIZED COMPRESSION DISSIMILARITY REPRESENTATION},
  author={Emanuele Olivetti},
}
@article{patil2002multiresolution,
  title={MULTIRESOLUTION AUDITORY REPRESENTATIONS FOR SCENE CLASSIFICATION},
  author={Patil, Kailash and Elhilali, Mounya},
}
@artilce{rakotomamonjy,
  title={HISTOGRAM OF GRADIENTS OF TIME-FREQUENCY REPRESENTATIONS FOR AUDIO
SCENE CLASSIFICATION}
  author={A. Rakotomamonjy, G.Gasso},
}
@article{romarecurrence,
  title={RECURRENCE QUANTIFICATION ANALYSIS FEATURES FOR AUDITORY SCENE CLASSIFICATION},
  author={Roma, Gerard and Nogueira, Waldo and Herrera, Perfecto and de Boronat, Roc}
}

@INPROCEEDINGS{6701819, 
author={Giannoulis, D. and Benetos, E. and Stowell, D. and Rossignol, M. and Lagrange, M. and Plumbley, M.D.}, 
booktitle={Applications of Signal Processing to Audio and Acoustics (WASPAA), 2013 IEEE Workshop on}, 
title={Detection and classification of acoustic scenes and events: An IEEE AASP challenge}, 
year={2013}, 
month={Oct}, 
pages={1-4}, 
keywords={audio signal processing;reverberation;IEEE AASP;acoustic events classification;acoustic events detection;acoustic scenes classification;acoustic scenes detection;complex background noise;human-like performance;monophonic audio;polyphonic audio;reverberation;Acoustics;Event detection;Hidden Markov models;MATLAB;Measurement;Signal processing;Support vector machines;Computational auditory scene analysis;acoustic event detection;acoustic scene classification}, 
doi={10.1109/WASPAA.2013.6701819}, 
ISSN={1931-1168},}

@inproceedings{dehak2009support,
  title={Support vector machines versus fast scoring in the low-dimensional total variability space for speaker verification.},
  author={Dehak, Najim and Dehak, Reda and Kenny, Patrick and Br{\"u}mmer, Niko and Ouellet, Pierre and Dumouchel, Pierre},
  booktitle={INTERSPEECH},
  volume={9},
  pages={1559--1562},
  year={2009}
}

@INPROCEEDINGS{5947437, 
author={Burget, L. and Plchot, O. and Cumani, S. and Glembek, O. and Matejka, P. and Brummer, N.}, 
booktitle={Acoustics, Speech and Signal Processing (ICASSP), 2011 IEEE International Conference on}, 
title={Discriminatively trained Probabilistic Linear Discriminant Analysis for speaker verification}, 
year={2011}, 
month={May}, 
pages={4832-4835}, 
keywords={probability;speaker recognition;vectors;NIST SRE 2010 evaluation task;PLDA;discriminative training criterion;ivector extraction;probabilistic linear discriminant analysis;speaker verification;Computational modeling;Feature extraction;Logistics;NIST;Probabilistic logic;Support vector machines;Training;Discriminative training;Probabilistic Linear Discriminant Analysis;Speaker verification}, 
doi={10.1109/ICASSP.2011.5947437}, 
ISSN={1520-6149},}

@inproceedings{lee2007sparse,
  title={Sparse deep belief net model for visual area V2.},
  author={Lee, Honglak and Ekanadham, Chaitanya and Ng, Andrew Y},
  booktitle={NIPS},
  volume={7},
  pages={873--880},
  year={2007}
}

@article{rf,
year={2001},
issn={0885-6125},
journal={Machine Learning},
volume={45},
number={1},
doi={10.1023/A:1010933404324},
title={Random Forests},
publisher={Kluwer Academic Publishers},
keywords={classification; regression; ensemble},
author={Breiman, Leo},
pages={5-32},
language={English}
}

@article{zbilut2006recurrence,
  title={Recurrence quantification analysis},
  author={Zbilut, Joseph P and Webber, Charles L},
  journal={Wiley encyclopedia of biomedical engineering},
  year={2006},
  publisher={Wiley Online Library}
}

@article{mitrovic2010features,
  title={Features for content-based audio retrieval},
  author={Mitrovi{\'c}, Dalibor and Zeppelzauer, Matthias and Breiteneder, Christian},
  journal={Advances in computers},
  volume={78},
  pages={71--150},
  year={2010},
  publisher={Elsevier}
}

@INPROCEEDINGS{4761905, 
author={Zhi Zeng and Xin Li and Xiaohong Ma and Qiang Ji}, 
booktitle={Pattern Recognition, 2008. ICPR 2008. 19th International Conference on}, 
title={Adaptive context recognition based on audio signal}, 
year={2008}, 
month={Dec}, 
pages={1-4}, 
keywords={audio signal processing;feature extraction;hidden Markov models;signal classification;adaptive context recognition;audio based context recognition;auditory feature extraction;classification algorithms;coarse HMM;coarse-to-fine training scheme;feature analysis;Cepstral analysis;Data mining;Feature extraction;Hidden Markov models;Mel frequency cepstral coefficient;Monitoring;Pattern recognition;Recurrent neural networks;Support vector machine classification;Support vector machines}, 
doi={10.1109/ICPR.2008.4761905}, 
ISSN={1051-4651},}

@INPROCEEDINGS{1181092, 
author={Dong Enqing and Liu Guizhong and Zhou Yatong and Cai Yu}, 
booktitle={Signal Processing, 2002 6th International Conference on}, 
title={Voice activity detection based on short-time energy and noise spectrum adaptation}, 
year={2002}, 
month={Aug}, 
volume={1}, 
pages={464-467 vol.1}, 
keywords={acoustic noise;speech processing;speech recognition;environmental noise;noise spectrum adaptation;noise statistics adaptation estimation;recognition rate;short-time energy;speech signals;voice activity detection;Background noise;Code standards;Energy measurement;Noise level;Noise robustness;Power engineering and energy;Speech enhancement;Statistics;Telephony;Working environment noise}, 
doi={10.1109/ICOSP.2002.1181092},}

@ARTICLE{1163420, 
author={Davis, S. and Mermelstein, P.}, 
journal={Acoustics, Speech and Signal Processing, IEEE Transactions on}, 
title={Comparison of parametric representations for monosyllabic word recognition in continuously spoken sentences}, 
year={1980}, 
month={Aug}, 
volume={28}, 
number={4}, 
pages={357-366}, 
keywords={Acoustic measurements;Acoustic testing;Band pass filters;Cepstrum;Filtering;Laboratories;Loudspeakers;Nonlinear filters;Speech analysis;Speech recognition}, 
doi={10.1109/TASSP.1980.1163420}, 
ISSN={0096-3518},}

@ARTICLE{237532, 
author={Picone, J.W.}, 
journal={Proceedings of the IEEE}, 
title={Signal modeling techniques in speech recognition}, 
year={1993}, 
month={Sep}, 
volume={81}, 
number={9}, 
pages={1215-1247}, 
keywords={parameter estimation;reviews;spectral analysis;speech analysis and processing;speech recognition;statistical analysis;algorithms;heterogeneous parameter sets;parametric transformation;signal modeling;signal parameter estimation problem;signal processing;similarity transform techniques;spectral analysis;spectral shaping;speech recognition;statistical modeling;tutorial;Algorithm design and analysis;Humans;Instruments;Loudspeakers;Parameter estimation;Robustness;Signal processing;Signal processing algorithms;Speech processing;Speech recognition}, 
doi={10.1109/5.237532}, 
ISSN={0018-9219},}

@ARTICLE{397093, 
author={Jankowski, C.R., Jr. and Vo, H.-D.H. and Lippmann, R.P.}, 
journal={Speech and Audio Processing, IEEE Transactions on}, 
title={A comparison of signal processing front ends for automatic word recognition}, 
year={1995}, 
month={Jul}, 
volume={3}, 
number={4}, 
pages={286-293}, 
keywords={cepstral analysis;error statistics;filters;linear predictive coding;signal processing;speech intelligibility;speech recognition;MFB recognition error rates;TI-105 isolated word database;auditory models;auditory properties;automatic word recognition;clean speech;control mel filter bank based cepstral front end;data reduction;degraded speech;linear filtering;linear predictive coding;noise;signal processing front ends;spectral variability;speech recognizer;word error rate;Automatic control;Automatic speech recognition;Degradation;Error analysis;Filter bank;Linear predictive coding;Signal processing;Speech enhancement;Speech processing;Speech recognition}, 
doi={10.1109/89.397093}, 
ISSN={1063-6676},}

@inproceedings{Cardin:1993:ICM:1946943.1947011,
 author = {Cardin, R{\'e}gis and Normandin, Yves and Millien, Evelyne},
 title = {Inter-word Coarticulation Modeling and MMIE Training for Improved Connected Digit Recognition},
 booktitle = {Proceedings of the 1993 IEEE International Conference on Acoustics, Speech, and Signal Processing: Speech Processing - Volume II},
 series = {ICASSP'93},
 year = {1993},
 isbn = {0-7803-0946-4},
 location = {Minneapolis, Minnesota, USA},
 pages = {243--246},
 numpages = {4},
 url = {http://dl.acm.org/citation.cfm?id=1946943.1947011},
 acmid = {1947011},
 publisher = {IEEE Computer Society},
 address = {Washington, DC, USA},
} 

@TECHREPORT{LML,
  title={Activity Inference from Audio Signal Using Knowledge Base},
  author={MengLu Li},
  year={2013}
}

@inproceedings{wu2012probase,
  title={Probase: A probabilistic taxonomy for text understanding},
  author={Wu, Wentao and Li, Hongsong and Wang, Haixun and Zhu, Kenny Q},
  booktitle={Proceedings of the 2012 ACM SIGMOD International Conference on Management of Data},
  pages={481--492},
  year={2012},
  organization={ACM}
}
@article{miller1995wordnet,
  title={WordNet: a lexical database for English},
  author={Miller, George A},
  journal={Communications of the ACM},
  volume={38},
  number={11},
  pages={39--41},
  year={1995},
  publisher={ACM}
}

@misc{toutanovastanford,
  title={The Stanford NLP Group Part-of-Speech Tagger. },
  author={Toutanova, K},
  year={2009}
}
@misc{stanfordtoolkits,
  title={Toolkits},
  author={Stanford, NLP}
}

@article{Blei:2003:LDA:944919.944937,
 author = {Blei, David M. and Ng, Andrew Y. and Jordan, Michael I.},
 title = {Latent Dirichlet Allocation},
 journal = {J. Mach. Learn. Res.},
 issue_date = {3/1/2003},
 volume = {3},
 month = mar,
 year = {2003},
 issn = {1532-4435},
 pages = {993--1022},
 numpages = {30},
 url = {http://dl.acm.org/citation.cfm?id=944919.944937},
 acmid = {944937},
 publisher = {JMLR.org},
} 

@article{peltonen2001recognition,
  title={Recognition of everyday auditory scenes: potentials, latencies and cues},
  author={Peltonen, Vesa TK and Eronen, Antti J and Parviainen, Mikko P and Klapuri, Anssi P},
  journal={PREPRINTS-AUDIO ENGINEERING SOCIETY},
  year={2001},
  publisher={Audio Engineering Society; 1999}
}

@INPROCEEDINGS{4587600, 
author={Yan Liu and Perronnin, F.}, 
booktitle={Computer Vision and Pattern Recognition, 2008. CVPR 2008. IEEE Conference on}, 
title={A similarity measure between unordered vector sets with application to image categorization}, 
year={2008}, 
month={June}, 
pages={1-8}, 
keywords={Gaussian processes;image classification;maximum likelihood estimation;Gaussian mixture model;PASCAL VOC 2006-2007 database;image categorization;maximum a posteriori criterion;maximum likelihood estimation;probabilistic measure;probabilistic similarity;similarity measure;unordered variable-sized vector sets;unordered vector sets;Costs;Distributed computing;Feature extraction;Histograms;Kernel;Maximum likelihood estimation;Pattern analysis;Performance evaluation;Sampling methods;Vocabulary}, 
doi={10.1109/CVPR.2008.4587600}, 
ISSN={1063-6919},}

