@book{townsend2001sentence,
  title={Sentence comprehension: The integration of habits and rules},
  author={Townsend, David J and Bever, Thomas G},
  volume={1950},
  year={2001},
  publisher={MIT Press}
}

@inproceedings{mcdonald2005non,
  title={Non-projective dependency parsing using spanning tree algorithms},
  author={McDonald, Ryan and Pereira, Fernando and Ribarov, Kiril and Haji{\v{c}}, Jan},
  booktitle={HLT/EMNLP},
  pages={523--530},
  year={2005},
}
@INPROCEEDINGS{McDonald2006a,
  author = {McDonald, Ryan T and Pereira, Fernando CN},
  title = {Online Learning of Approximate Dependency Parsing Algorithms.},
  booktitle = {EACL},
  year = {2006},
  file = {:mcdonald2006online.pdf:PDF},
  url = {http://acl.ldc.upenn.edu/eacl2006/main/papers/04_2_mcdonaldpereira_26.pdf?origin=publication_detail}
}
@inproceedings{nivre2003efficient,
  title={An efficient algorithm for projective dependency parsing},
  author={Nivre, Joakim},
  booktitle={IWPT},
  year={2003},
}
@inproceedings{mcdonald2007characterizing,
  title={Characterizing the Errors of Data-Driven Dependency Parsing Models.},
  author={McDonald, Ryan T and Nivre, Joakim},
  booktitle={EMNLP-CoNLL},
  pages={122--131},
  year={2007}
}
@inproceedings{mcdonald2006online,
  title={Online Learning of Approximate Dependency Parsing Algorithms.},
  author={McDonald, Ryan T and Pereira, Fernando CN},
  booktitle={EACL},
  year={2006},
}
@inproceedings{carreras2007experiments,
  title={Experiments with a Higher-Order Projective Dependency Parser.},
  author={Carreras, Xavier},
  booktitle={EMNLP-CoNLL},
  pages={957--961},
  year={2007}
}
@inproceedings{koo2010efficient,
  title={Efficient third-order dependency parsers},
  author={Koo, Terry and Collins, Michael},
  booktitle={ACL},
  pages={1--11},
  year={2010},
}
@inproceedings{ma2012fourth,
  title={Fourth-Order Dependency Parsing.},
  author={Ma, Xuezhe and Zhao, Hai},
  booktitle={COLING (Posters)},
  pages={785--796},
  year={2012},
  organization={Citeseer}
}
@article{kubler2009dependency,
  title={Dependency parsing},
  author={K{\"u}bler, Sandra and McDonald, Ryan and Nivre, Joakim},
  journal={Synthesis Lectures on Human Language Technologies},
  volume={1},
  number={1},
  pages={1--127},
  year={2009},
  publisher={Morgan \& Claypool Publishers}
}
@inproceedings{mcdonald2005online,
  title={Online large-margin training of dependency parsers},
  author={McDonald, Ryan and Crammer, Koby and Pereira, Fernando},
  booktitle={ACL},
  pages={91--98},
  year={2005},
}
@inproceedings{nivre2009non,
  title={Non-projective dependency parsing in expected linear time},
  author={Nivre, Joakim},
  booktitle={ACL-IJCNLP: Volume 1-Volume 1},
  pages={351--359},
  year={2009},
}
@inproceedings{goldberg2010efficient,
  title={An efficient algorithm for easy-first non-directional dependency parsing},
  author={Goldberg, Yoav and Elhadad, Michael},
  booktitle={NAACL HLT},
  pages={742--750},
  year={2010},
}
@inproceedings{Sagae:2006:PCR:1614049.1614082,
 author = {Sagae, Kenji and Lavie, Alon},
 title = {Parser Combination by Reparsing},
 booktitle = {NAACL HLT, Companion Volume: Short Papers},
 year = {2006},
 pages = {129--132}
}
@inproceedings{zhang2008tale,
  title={A tale of two parsers: investigating and combining graph-based and transition-based dependency parsing using beam-search},
  author={Zhang, Yue and Clark, Stephen},
  booktitle={EMNLP},
  pages={562--571},
  year={2008},
}
@inproceedings{nivre2008integrating,
  title={Integrating Graph-Based and Transition-Based Dependency Parsers.},
  author={Nivre, Joakim and McDonald, Ryan T},
  booktitle={ACL},
  pages={950--958},
  year={2008}
}
@inproceedings{rush2012vine,
  title={Vine pruning for efficient multi-pass dependency parsing},
  author={Rush, Alexander M and Petrov, Slav},
  booktitle={NAACL HLT},
  pages={498--507},
  year={2012},
}

@article{grotschel1984cutting,
  title={A cutting plane algorithm for the linear ordering problem},
  author={Gr{\"o}tschel, Martin and J{\"u}nger, Michael and Reinelt, Gerhard},
  journal={Operations research},
  volume={32},
  number={6},
  pages={1195--1220},
  year={1984},
  publisher={INFORMS}
}

@inproceedings{schapire1998learning,
  title={Learning to order things},
  author={Schapire, William W Cohen Robert E and Singer, Yoram},
  booktitle={NIPS},
  volume={10},
  pages={451},
  year={1998},
}

