@inproceedings{Garimella2016QuantifyingCI,
	title={Quantifying Controversy in Social Media},
	author={Kiran Garimella and Gianmarco De Francisci Morales and Aristides Gionis and Michael Mathioudakis},
	booktitle={Proc. of WSDM},
	year={2016},
	doi="10.1145/2835776.2835792"
}
@inproceedings{CamachoCollados2017SemEval2017T2,
	title={SemEval-2017 Task 2: Multilingual and Cross-lingual Semantic Word Similarity},
	author={Jos{\'e} Camacho-Collados and Mohammad Taher Pilehvar and Nigel Collier and Roberto Navigli},
	booktitle={Proc. of SemEval@ACL},
	year={2017},
	doi = 	"10.18653/v1/S17-2002",
	url = 	"http://www.aclweb.org/anthology/S17-2002"
	
}
@article{DBLP:journals/corr/Ruder17,
title={A survey of cross-lingual embedding models},
author={Ruder, Sebastian and Ivan Vulić and Anders Søgaard},
journal={arXiv preprint arXiv:1706.04902},
year={2017},
url="https://arxiv.org/pdf/1706.04902.pdf"
}
@inproceedings{Peng2016ImprovingNE,
	title={Improving Named Entity Recognition for Chinese Social Media with Word Segmentation Representation Learning},
	author={Nanyun Peng and Mark Dredze},
	booktitle={ACL},
	year={2016}
}
@inproceedings{Paul2011YouAW,
	title={You Are What You Tweet: Analyzing Twitter for Public Health},
	author={Michael J. Paul and Mark Dredze},
	booktitle={Proc. of ICWSM},
	year={2011},
	url="http://www.cs.jhu.edu/~mpaul/files/2011.icwsm.twitter_health.pdf"
}
@inproceedings{Ritter2011NamedER,
	title={Named Entity Recognition in Tweets: An Experimental Study},
	author={Alan Ritter and Sam Clark and Mausam and Oren Etzioni},
	booktitle={Proc. of EMNLP},
	year={2011}
}
@inproceedings{ni2017learning,
	title={Learning to Explain Non-Standard English Words and Phrases},
	author={Ni, Ke and Wang, William Yang},
	booktitle={Proc. of IJCNLP},
	year={2017},
	url = 	"http://aclweb.org/anthology/I17-2070"
}
@article{DBLP:journals/corr/SmithTHH17,
	author    = {Samuel L. Smith and
	David H. P. Turban and
	Steven Hamblin and
	Nils Y. Hammerla},
	title     = {Offline bilingual word vectors, orthogonal transformations and the
	inverted softmax},
	journal   = {ICLR},
	volume    = {abs/1702.03859},
	year      = {2017},
}
@article{DBLP:journals/tacl/Berend17,
	author    = {G{\'{a}}bor Berend},
	title     = {Sparse Coding of Neural Word Embeddings for Multilingual Sequence
	Labeling},
	journal   = {{TACL}},
	volume    = {5},
	pages     = {247--261},
	year      = {2017},
}
@article{ammar2016massively,
	title={Massively multilingual word embeddings},
	author={Ammar, Waleed and Mulcaire, George and Tsvetkov, Yulia and Lample, Guillaume and Dyer, Chris and Smith, Noah A},
	journal={arXiv preprint arXiv:1602.01925},
	year={2016},
	url="https://arxiv.org/pdf/1602.01925.pdf"
}
@article{Nguyen2016ComputationalSA,
	title={Computational Sociolinguistics: A Survey},
	author={Dong Nguyen and A. Seza Dogru{\"{o}z and Carolyn Penstein Ros{\'e} and Franciska de Jong}},
	journal={Computational Linguistics},
	year={2016},
	volume={42},
	pages={537-593}
}
	
@inproceedings{Zhang2015ContextawareEM,
	title={Context-aware Entity Morph Decoding},
	author={Boliang Zhang and Hongzhao Huang and Xiaoman Pan and Sujian Li and Chin-Yew Lin and Heng Ji and Kevin Knight and Zhen Wen and Yizhou Sun and Jiawei Han and B{\"{u}lent Yener}},
	booktitle={Proc. of ACL},
	year={2015},
	  doi = 	"10.3115/v1/P15-1057",
	url = 	"http://www.aclweb.org/anthology/P15-1057"
	}
@inproceedings{Rosenthal2015ICA,
	title={I Couldn't Agree More: The Role of Conversational Structure in Agreement and Disagreement Detection in Online Discussions},
	author={Sara Rosenthal and Kathy McKeown},
	booktitle={Proc. of SIGDIAL},
	year={2015},
	doi="10.18653/v1/W15-4625"
}
@inproceedings{Wang2015ThatsSA,
	title={That's So Annoying!!!: A Lexical and Frame-Semantic Embedding Based Data Augmentation Approach to Automatic Categorization of Annoying Behaviors using \#petpeeve Tweets},
	author={William Yang Wang and Diyi Yang},
	booktitle={Proc. of EMNLP},
	year={2015},
	doi = 	"10.18653/v1/D15-1306",
	url = 	"http://www.aclweb.org/anthology/D15-1306"
}
@inproceedings{Petrovic2010StreamingFS,
	title={Streaming First Story Detection with application to Twitter},
	author={Sasa Petrovic and Miles Osborne and Victor Lavrenko},
	booktitle={Proc. of HLT-NAACL},
	year={2010},
	url = 	"http://www.aclweb.org/anthology/N10-1021"
}

@inproceedings{Pan2017CrosslingualNT,
	title={Cross-lingual Name Tagging and Linking for 282 Languages},
	author={Xiaoman Pan and Boliang Zhang and Jonathan May and Joel Nothman and Kevin Knight and Heng Ji},
	booktitle={Proc. of ACL},
	year={2017}
}
@inproceedings{Ren2017CoTypeJE,
	title={CoType: Joint Extraction of Typed Entities and Relations with Knowledge Bases},
	author={Xiang Ren and Zeqiu Wu and Wenqi He and Meng Qu and Clare R. Voss and Heng Ji and Tarek F. Abdelzaher and Jiawei Han},
	booktitle={Proc. of WWW},
	year={2017}
}
@inproceedings{duong2016learning,
  author = 	"Duong, Long
and Kanayama, Hiroshi
and Ma, Tengfei
and Bird, Steven
and Cohn, Trevor",
title = 	"Learning Crosslingual Word Embeddings without Bilingual Corpora",
booktitle = 	"Proc. of EMNLP",
year = 	"2016",
doi = 	"10.18653/v1/D16-1136",
url = 	"http://www.aclweb.org/anthology/D16-1136"
}

@article{eom2013highlighting,
  title={Highlighting entanglement of cultures via ranking of multilingual Wikipedia articles},
  author={Eom, Young-Ho and Shepelyansky, Dima L},
  journal={PloS one},
  volume={8},
  number={10},
  pages={e74554},
  year={2013},
  publisher={Public Library of Science}
}
@inproceedings{upadhyay2016cross,
  title={Cross-lingual models of word embeddings: An empirical comparison},
  author={Upadhyay, Shyam and Faruqui, Manaal and Dyer, Chris and Roth, Dan},
  booktitle={Proc. of ACL},
  year={2016},
  doi = 	"10.18653/v1/P16-1157",
  url = 	"http://www.aclweb.org/anthology/P16-1157"
}
@inproceedings{hu2013dude,
  title={Dude, srsly?: The Surprisingly Formal Nature of Twitter's Language.},
  author={Hu, Yuheng and Talamadupula, Kartik and Kambhampati, Subbarao and others},
  booktitle={ICWSM},
  year={2013}
}
@inproceedings{luong2015bilingual,
	title={Bilingual word representations with monolingual quality in mind},
	author={Luong, Thang and Pham, Hieu and Manning, Christopher D},
	booktitle={Proceedings of the 1st Workshop on Vector Space Modeling for Natural Language Processing},
	pages={151--159},
	year={2015}
}

@article{Bengio2000ANP,
  title={A Neural Probabilistic Language Model},
  author={Yoshua Bengio and R{\'e}jean Ducharme and Pascal Vincent and Christian Janvin},
  journal={Journal of Machine Learning Research},
  year={2000},
  volume={3},
  pages={1137-1155}
}
@inproceedings{chen2015joint,
  title={Joint Learning of Character and Word Embeddings.},
  author={Chen, Xinxiong and Xu, Lei and Liu, Zhiyuan and Sun, Maosong and Luan, Huan-Bo},
  booktitle={IJCAI},
  pages={1236--1242},
  year={2015}
}
@inproceedings{Le2014DistributedRO,
  title={Distributed Representations of Sentences and Documents},
  author={Quoc V. Le and Tomas Mikolov},
  booktitle={Proc. of ICML},
  year={2014},
  doi="10.1.1.646.3937"
}
@inproceedings{Vicente2016TweetMTAP,
  title={TweetMT: A Parallel Microblog Corpus},
  author={I{\~n}aki San Vicente and I{\~n}aki Alegria and Cristina Espa{\~n}a-Bonet and Pablo Gamallo and Hugo Gonçalo Oliveira and Eva Mart{\'i}nez Garcia and Antonio Toral and Arkaitz Zubiaga and Nora Aranberri},
  booktitle={LREC},
  year={2016}
}

@inproceedings{ling2014crowdsourcing,
  title={Crowdsourcing high-quality parallel data extraction from Twitter},
  author={Ling, Wang and Marujo, Luis and Dyer, Chris and Black, Alan and Trancoso, Isabel},
  booktitle={Proceedings of the Ninth Workshop on Statistical Machine Translation (WMT},
  year={2014},
  organization={Citeseer}
}

@inproceedings{Garimella2016IdentifyingCD,
	title={Identifying Cross-Cultural Differences in Word Usage},
	author={Aparna Garimella and Rada Mihalcea and James W. Pennebaker},
	booktitle={Proc. of COLING},
	year={2016},
	url = 	"http://www.aclweb.org/anthology/C16-1065"
}


@inproceedings{kovcisky2014learning,
  author = 	"Ko{\v{c}}isk{\'y}, Tom{\'a}{\v{s}}
and Hermann, Karl Moritz
and Blunsom, Phil",
title = 	"Learning Bilingual Word Representations by Marginalizing Alignments",
booktitle = "Proc. of ACL",
year = 	"2014",
doi = 	"10.3115/v1/P14-2037",
url = 	"http://www.aclweb.org/anthology/P14-2037"
}

@inproceedings{filatova2009directions,
  title={Directions for exploiting asymmetries in multilingual Wikipedia},
  author={Filatova, Elena},
  booktitle={Proceedings of the Third International Workshop on Cross Lingual Information Access: Addressing the Information Need of Multilingual Societies},
}


@article{harris1954distributional,
  title={Distributional structure},
  author={Harris, Zellig S},
  journal={Word},
  volume={10},
  number={2-3},
  pages={146--162},
  year={1954},
  publisher={Taylor \& Francis},
  doi="10.1080/00437956.1954.11659520"
}

@inproceedings{pennington2014glove,
  title={Glove: Global Vectors for Word Representation.},
  author={Pennington, Jeffrey and Socher, Richard and Manning, Christopher D},
  booktitle={Proc. of EMNLP},
  year={2014},
  doi = 	"10.3115/v1/D14-1162",
  url = 	"http://www.aclweb.org/anthology/D14-1162"
}

@article{yu2009bilingual,
  title={Bilingual dictionary extraction from Wikipedia},
  author={Yu, Kun and Tsujii, Junichi},
  journal={Proceedings of Machine Translation Summit XII},
  pages={379--386},
  year={2009}
}

@article{navigli2012babelnet,
  title={BabelNet: The automatic construction, evaluation and application of a wide-coverage multilingual semantic network},
  author={Navigli, Roberto and Ponzetto, Simone Paolo},
  journal={Artificial Intelligence},
  volume={193},
  pages={217--250},
  year={2012},
  publisher={Elsevier}
}

@book{jarvis2008crosslinguistic,
  title={Crosslinguistic influence in language and cognition},
  author={Jarvis, Scott and Pavlenko, Aneta},
  year={2008},
  publisher={Routledge}
}

@article{pethHo2005differences,
  title={Differences of language from a cross-cultural perspective},
  author={Peth{\H{o}}, Eszter},
  journal={European Integration Studies},
  number={4},
  pages={73--96},
  year={2005}
}

@inproceedings{otero2010wikipedia,
  title={Wikipedia as multilingual source of comparable corpora},
  author={Otero, Pablo Gamallo and L{\'o}pez, Isaac Gonz{\'a}lez},
  booktitle={Proceedings of the 3rd Workshop on Building and Using Comparable Corpora, LREC},
  pages={21--25},
  year={2010}
}

@inproceedings{tanaka2002measuring,
  title={Measuring the similarity between compound nouns in different languages using non-parallel corpora},
  author={Tanaka, Takaaki},
  booktitle={Proceedings of the 19th international conference on Computational linguistics-Volume 1},
  pages={1--7},
  year={2002},
  organization={Association for Computational Linguistics}
}

@article{nemoto2011analyzing,
  title={Analyzing cultural differences in collaborative innovation networks by analyzing editing behavior in different-language Wikipedias},
  author={Nemoto, Keiichi and Gloor, Peter A},
  journal={Procedia-Social and Behavioral Sciences},
  volume={26},
  pages={180--190},
  year={2011},
  publisher={Elsevier}
}

@article{yasseri2014most,
  title={The most controversial topics in Wikipedia: A multilingual and geographical analysis},
  author={Yasseri, Taha and Spoerri, Anselm and Graham, Mark and Kert{\'e}sz, J{\'a}nos},
  year={2014},
  publisher={Global Wikipedia: International and Cross-Cultural Issues in Online Collaboration, Fichman P., Hara N., eds., Scarecrow Press}
}

@misc{NLPIR,
   author = "{Huaping Zhang}",
   title = "{NLPIR} Chinese Segmentor System",
   year = "2016",
   url = "http://ictclas.nlpir.org/"
 }

@article{linard2015bilingual,
  title={Bilingual Lexicon Extraction},
  author={Linard, Alexis},
  year={2015}
}

@inproceedings{mahdisoltani2014yago3,
  title={Yago3: A knowledge base from multilingual wikipedias},
  author={Mahdisoltani, Farzaneh and Biega, Joanna and Suchanek, Fabian},
  booktitle={7th Biennial Conference on Innovative Data Systems Research},
  year={2014},
}

@article{krifka199511,
  title={11 COMMON NOUNS: A CONTRASTIVE ANALYSIS OF CHINESE AND ENGLISH},
  author={Krifka, Manfred},
  journal={The generic book},
  pages={398},
  year={1995},
  publisher={University of Chicago Press}
}

@article{tavassoli1999temporal,
  title={Temporal and associative memory in Chinese and English},
  author={Tavassoli, Nader T},
  journal={Journal of Consumer Research},
  volume={26},
  number={2},
  pages={170--181},
  year={1999},
  publisher={JSTOR}
}

@article{chen2007chinese,
  title={Do Chinese and English speakers think about time differently? Failure of replicating Boroditsky (2001)},
  author={Chen, Jenn-Yeu},
  journal={Cognition},
  volume={104},
  number={2},
  pages={427--436},
  year={2007},
  publisher={Elsevier}
}

@inproceedings{Mikolov2013distributed,
  title={Distributed representations of words and phrases and their compositionality},
  author={Mikolov, Tomas and Sutskever, Ilya and Chen, Kai and Corrado, Greg S and Dean, Jeff},
  booktitle={Proc. of NIPS},
  year={2013},
  url = {http://papers.nips.cc/paper/5021-distributed-representations-of-words-and-phrases-and-their-compositionality.pdf}
}

@inproceedings{klementiev2012inducing,
	title={Inducing Crosslingual Distributed Representations of Words},
	author={Alexandre Klementiev and Ivan Titov and Binod Bhattarai},
	booktitle={Proc. of COLING},
	year={2012},
	url = 	"http://www.aclweb.org/anthology/C12-1089"
}

@article{wilson2016disentangling,
	title={Disentangling Topic Models: A Cross-cultural Analysis of Personal Values through Words},
	author={Wilson, Steven R and Mihalcea, Rada and Boyd, Ryan L and Pennebaker, James W},
	journal={NLP+ CSS 2016},
	pages={143},
	year={2016}
}

@inproceedings{nakasaki2009visualizing,
	title={Visualizing Cross-Lingual/Cross-Cultural Differences in Concerns in Multilingual Blogs.},
	author={Nakasaki, Hiroyuki and Kawaba, Mariko and Yamazaki, Sayuri and Utsuro, Takehito and Fukuhara, Tomohiro},
	booktitle={Proc. of ICWSM},
	year={2009},
	url="https://pdfs.semanticscholar.org/484f/9d44345015338e49c59d0a67210c276f7707.pdf?_ga=2.209852949.1831208069.1525515737-2139274556.1519386756"
}

@inproceedings{elahi2012examination,
	title={An Examination of Cross-Cultural Similarities and Differences from Social Media Data with respect to Language Use.},
	author={Elahi, Mohammad Fazleh and Monachesi, Paola},
	booktitle={Proc. of LREC},
	year={2012},
	url = 	"http://www.lrec-conf.org/proceedings/lrec2012/pdf/942_Paper.pdf"
}
@inproceedings{elsahar2014a,
	title={A Fully Automated Approach for Arabic Slang Lexicon Extraction from Microblogs},
	author={Elsahar, Hady and Elbeltagy, Samhaa R},
	booktitle={Proc. of CICLing},
	year={2014},
	doi="10.1007/978-3-642-54906-9_7"
}

@article{velikovich2010the,
	title={The viability of web-derived polarity lexicons},
	author={Velikovich, Leonid and Blairgoldensohn, Sasha and Hannan, Kerry and Mcdonald, Ryan},
	pages={777--785},
	year={2010}}



@inproceedings{Sarath2014An,
	title={An Autoencoder Approach to Learning Bilingual Word Representations},
	author={Sarath, Chandar A P and Lauly, Stanislas and Larochelle, Hugo and Khapra, Mitesh M. and Ravindran, Balaraman and Raykar, Vikas and Saha, Amrita},
	booktitle={Proc. in NIPS},
	year={2014},
	url={https://papers.nips.cc/paper/5270-an-autoencoder-approach-to-learning-bilingual-word-representations.pdf}
}

@article{Mikolov:2013tp,
  title={Exploiting similarities among languages for machine translation},
author={Mikolov, Tomas and Le, Quoc V and Sutskever, Ilya},
journal={arXiv preprint arXiv:1309.4168},
year={2013},
doi="10.1.1.754.2995"
}

@article{Vulic:2015to,
author = {Vulic, Ivan and Moens, Marie-Francine},
title = {{Bilingual word embeddings from non-parallel document-aligned data applied to bilingual lexicon induction}},
year = {2015},
pages = {719--725},
month = jul
}

@article{Navigli:2012dn,
author = {Navigli, Roberto and Ponzetto, Simone Paolo},
title = {{BabelNet: The automatic construction, evaluation and application of a wide-coverage multilingual semantic network.}},
journal = {Artif. Intell.},
year = {2012},
volume = {193},
pages = {217--250}
}

@article{hermann2014multilingual,
  title={Multilingual models for compositional distributed semantics},
  author={Hermann, Karl Moritz and Blunsom, Phil},
  journal={arXiv preprint arXiv:1404.4641},
  year={2014}
}


@article{lebret2013word,
  title={Word emdeddings through hellinger PCA},
  author={Lebret, R{\'e}mi and Collobert, Ronan},
  journal={arXiv preprint arXiv:1312.5542},
  year={2013}
}

@inproceedings{levy2014neural,
  title={Neural word embedding as implicit matrix factorization},
  author={Levy, Omer and Goldberg, Yoav},
  booktitle={Advances in Neural Information Processing Systems},
  pages={2177--2185},
  year={2014}
}

@inproceedings{li2015word,
  title={Word embedding revisited: A new representation learning and explicit matrix factorization perspective},
  author={Li, Yitan and Xu, Linli and Tian, Fei and Jiang, Liang and Zhong, Xiaowei and Chen, Enhong},
  booktitle={Proceedings of the 24th International Joint Conference on Artificial Intelligence},
  pages={3650--3656},
  year={2015}
}

@article{kovecses2006language,
  title={Language, mind, and culture},
  author={Kovecses, Zoltan},
  year={2006}
}

@book{jackson2007words,
  title={Words, meaning and vocabulary: an introduction to modern English lexicology},
  author={Jackson, Howard and Amvela, Etienne Z{\'e}},
  year={2007},
  publisher={Bloomsbury Publishing}
}

@book{wierzbicka2006english,
  title={English: Meaning and culture},
  author={Wierzbicka, Anna},
  year={2006},
  publisher={Oxford University Press}
}

@book{lipka1990outline,
  title={An outline of English lexicology: lexical structure, word semantics, and word-formation},
  author={Lipka, Leonhard},
  volume={3},
  year={1990},
  publisher={Walter de Gruyter}
}

@misc{names,
author={Mark Kantrowitz and Bill Ross},
year = {1994},
title = {Names Corpus, Version 1.3},
howpublished = "\url{http://www.nltk.org/nltk_data/}"
}

@misc{wiktionary,
author={Wiktionary},
year = {2016},
title = {Wiktionary},
howpublished = "\url{http://www.wiktionary.org}"
}

@misc{oxford,
author={Oxford},
year = {2016},
title = {Oxford Dictionaries Onlin},
howpublished = "\url{http://www.oxforddictionaries.com/}"
}

@article{triandis1994culture,
  title={Culture and social behavior},
  author={Triandis, Harry Charalambos},
  year={1994},
  publisher={McGraw-Hill New York}
}

@article{weber1998cross,
  title={Cross-cultural differences in risk perception, but cross-cultural similarities in attitudes towards perceived risk},
  author={Weber, Elke U and Hsee, Christopher},
  journal={Management science},
  volume={44},
  number={9},
  pages={1205--1217},
  year={1998},
  publisher={INFORMS}
}

@article{gruetze2016coheel,
  title={CohEEL: Coherent and efficient named entity linking through random walks},
  author={Gruetze, Toni and Kasneci, Gjergji and Zuo, Zhe and Naumann, Felix},
  journal={Web Semantics: Science, Services and Agents on the World Wide Web},
  volume={37},
  pages={75--89},
  year={2016},
  publisher={Elsevier}
}

@article{lin2016leveraging,
  title={Leveraging Entity Linking and Related Language Projection to Improve Name Transliteration},
  author={Lin, Ying and Pan, Xiaoman and Deri, Aliya and Ji, Heng and Knight, Kevin},
  journal={ACL 2016},
  pages={1},
  year={2016}
}

@inproceedings{ganea2016probabilistic,
  title={Probabilistic Bag-Of-Hyperlinks Model for Entity Linking},
  author={Ganea, Octavian-Eugen and Ganea, Marina and Lucchi, Aurelien and Eickhoff, Carsten and Hofmann, Thomas},
  booktitle={Proceedings of the 25th International Conference on World Wide Web},
  pages={927--938},
  year={2016},
  organization={International World Wide Web Conferences Steering Committee}
}

@inproceedings{schutze2008introduction,
  title={Introduction to Information Retrieval},
  author={Sch{\"u}tze, Hinrich},
  booktitle={Proceedings of the international communication of association for computing machinery conference},
  year={2008}
}


@article{fu2013assessing,
  title={Assessing censorship on microblogs in China: Discriminatory keyword analysis and the real-name registration policy},
  author={Fu, King-wa and Chan, Chung-hong and Chau, Michael},
  journal={IEEE Internet Computing},
  volume={17},
  number={3},
  pages={42--50},
  year={2013},
  publisher={IEEE},
  doi="10.1109/MIC.2013.28"
}

@inproceedings{han2012automatically,
  title={Automatically constructing a normalisation dictionary for microblogs},
  author={Han, Bo and Cook, Paul and Baldwin, Timothy},
  booktitle={Proc. of EMNLP-CoNLL},
  year={2012},
  url = "http://www.aclweb.org/anthology/D12-1039"
}

@inproceedings{che2010ltp,
  title={Ltp: A chinese language technology platform},
  author={Che, Wanxiang and Li, Zhenghua and Liu, Ting},
  booktitle={Proc. of COLING 2010: Demonstrations},
  year={2010},
  url = 	"http://www.aclweb.org/anthology/C10-3004"
}

@inproceedings{manning2014stanford,
  title={The stanford corenlp natural language processing toolkit.},
  author={Manning, Christopher D and Surdeanu, Mihai and Bauer, John and Finkel, Jenny Rose and Bethard, Steven and McClosky, David},
  booktitle={Proc. of ACL (System Demonstrations)},
  year={2014},
  doi = 	"10.3115/v1/P14-5010",
  url = 	"http://www.aclweb.org/anthology/P14-5010"
}

@inproceedings{rehurek_lrec,
      title = {{Software Framework for Topic Modelling with Large Corpora}},
      author = {Radim {\v R}eh{\r u}{\v r}ek and Petr Sojka},
      booktitle = {{Proceedings of the LREC 2010 Workshop on New
           Challenges for NLP Frameworks}},
      pages = {45--50},
      year = 2010,
      month = May,
      day = 22,
      publisher = {ELRA},
      address = {Valletta, Malta},
      note={\url{http://is.muni.cz/publication/884893/en}},
      language={English}
}

@inproceedings{fast2016empath,
  title={Empath: Understanding topic signals in large-scale text},
  author={Fast, Ethan and Chen, Binbin and Bernstein, Michael S},
  booktitle={Proc. of CHI},
  year={2016},
  doi="10.1145/2858036.2858535"
}

@inproceedings{choi2005identifying,
  title={Identifying sources of opinions with conditional random fields and extraction patterns},
  author={Choi, Yejin and Cardie, Claire and Riloff, Ellen and Patwardhan, Siddharth},
  booktitle={Proc. of HLT-EMNLP},
  year={2005},
    url = 	"http://www.aclweb.org/anthology/H05-1045"
}

@inproceedings{gao2013developing,
  title={Developing simplified Chinese psychological linguistic analysis dictionary for microblog},
  author={Gao, Rui and Hao, Bibo and Li, He and Gao, Yusong and Zhu, Tingshao},
  booktitle={Proceedings of International Conference on Brain and Health Informatics},
  year={2013},
  organization={Springer},
  doi="10.1007/978-3-319-02753-1_36"
}

@article{pennebaker2001linguistic,
  title={Linguistic inquiry and word count: LIWC 2001},
  author={Pennebaker, James W and Francis, Martha E and Booth, Roger J},
  journal={Mahway: Lawrence Erlbaum Associates},
  volume={71},
  number={2001},
  pages={2001},
  year={2001},
  url="http://citeseerx.ist.psu.edu/viewdoc/download?doi=10.1.1.600.7227&rep=rep1&type=pdf"
}

@incollection{Chung,
	doi = {10.4018/978-1-60960-741-8.ch012},
	url = {https://doi.org/10.4018%2F978-1-60960-741-8.ch012},
	publisher = {{IGI} Global},
	pages = {206--229},
	author = {Cindy K. Chung and James W. Pennebaker},
	title = {Linguistic Inquiry and Word Count ({LIWC})},
	booktitle = {Applied Natural Language Processing}
}

@article{Tausczik_2009,
	doi = {10.1177/0261927x09351676},
	url = {https://doi.org/10.1177%2F0261927x09351676},
	year = 2009, 
	volume = {29},
	number = {1},
	pages = {24--54},
	author = {Yla R. Tausczik and James W. Pennebaker},
	title = {The Psychological Meaning of Words: {LIWC} and Computerized Text Analysis Methods},
	journal = {Journal of Language and Social Psychology}
}

@inproceedings{cheng2013relational,
	title={Relational Inference for Wikification},
	author={Xiao Cheng and Dan Roth},
	booktitle={Proc. of EMNLP},
	year={2013},
	url = 	"http://www.aclweb.org/anthology/D13-1184"
}


@inproceedings{ratinov2011local,
  title={Local and global algorithms for disambiguation to wikipedia},
  author={Ratinov, Lev and Roth, Dan and Downey, Doug and Anderson, Mike},
  booktitle={Proc. of ACL},
  year={2011},
  url = 	"http://www.aclweb.org/anthology/P11-1138"
}
@inproceedings{wang2013building,
  title={Building the chinese open wordnet (cow): Starting from core synsets},
  author={Wang, Shan and Bond, Francis},
  booktitle={Proceedings of the 11th Workshop on Asian Language Resources, a Workshop at IJCNLP},
  year={2013},
  url = 	"http://www.aclweb.org/anthology/W13-4302"
}
@inproceedings{bond2013linking,
  title={Linking and Extending an Open Multilingual Wordnet.},
  author={Bond, Francis and Foster, Ryan},
  booktitle={Proc. of ACL},
  year={2013}
}
@inproceedings{DBLP:conf/eacl/FaruquiD14,
	author    = {Manaal Faruqui and
	Chris Dyer},
	title     = {Improving Vector Space Word Representations Using Multilingual Correlation},
	booktitle = {Proc. of EACL},
	year      = {2014},
	url       = {http://aclweb.org/anthology/E/E14/E14-1049.pdf},
}
@inproceedings{wangling:acl2013, 
	author = {Ling, Wang and Xiang, Guang and Dyer, Chris and Black, Alan and Trancoso, Isabel}, 
	title = {Microblogs as Parallel Corpora}, 
	booktitle = {Proc. of ACL}, 
	year = {2013},   
	url = 	"http://www.aclweb.org/anthology/P13-1018"
 }

@article{Landis1977TheMO,
	title={The measurement of observer agreement for categorical data.},
	author={J. Richard Landis and Gary G. Koch},
	journal={Biometrics},
	year={1977},
	volume={33 1},
	pages={159-74},
	doi="10.2307/2529310"
}

@inproceedings{DBLP:conf/aclnut/LinXLZ17,
	author    = {Bill Y. Lin and
	Frank F. Xu and
	Zhiyi Luo and
	Kenny Q. Zhu},
	title     = {Multi-channel BiLSTM-CRF Model for Emerging Named Entity Recognition
	in Social Media},
	booktitle = {Proc. of W-NUT@EMNLP}, 
	year      = {2017},
	doi 	  = {10.18653/v1/w17-4421},
	url       = {https://aclanthology.info/papers/W17-4421/w17-4421}, 
}
@article{kitayama2000culture,
	title={Culture, emotion, and well-being: Good feelings in Japan and the United States},
	author={Kitayama, Shinobu and Markus, Hazel Rose and Kurokawa, Masaru},
	journal={Cognition \& Emotion},
	volume={14},
	number={1},
	pages={93--124},
	year={2000},
	publisher={Taylor \& Francis},
	doi = {10.1080/026999300379003}
}
@article{Gareis_2011,
	doi = {10.1016/j.ijintrel.2010.06.006},
	url = {https://doi.org/10.1016%2Fj.ijintrel.2010.06.006},
	year = 2011,
	month = {may},
	publisher = {Elsevier {BV}},
	volume = {35},
	number = {3},
	pages = {307--319},
	author = {Elisabeth Gareis and Richard Wilkins},
	title = {Love expression in the United States and Germany},
	journal = {International Journal of Intercultural Relations}
}
@article{Gutirrez2016DetectingCD,
	title={Detecting Cross-cultural Differences Using a Multilingual Topic Model},
	author={E. Dario Guti{\'e}rrez and Ekaterina Shutova and Patricia Lichtenstein and Gerard de Melo and Luca Gilardi},
	journal={TACL},
	year={2016},
	volume={4},
	pages={47-60},
	url = {http://www.aclweb.org/anthology/Q16-1004}
}
