@article{LearningToAnswerQuestions,
  author =       "Ana Cristina Mendes",
  title =        "Learning to answer questions",
  year =         "2013",
}

@article{FeatureBased,
  author =       "Yih, Wen-tau, Chang, Ming-Wei, Meek, Christopher, and
Pastusiak, Andrzej",
  title =        "Question answering using enhanced
lexical semantic models",
  year =         "2013",
}

@article{Yih2013,
  author =       "Ana Cristina Mendes",
  title =        "Learning to answer questions",
    journal =      "Proceedings of the 51st Annual Meeting of the Association for Computational Linguist(ACL)",
  year =         "2013",
}

@article{Wang2010,
  author =       "Albert Einstein",
  title =        "{Zur Elektrodynamik bewegter K{\"o}rper}. ({German})
                 [{On} the electrodynamics of moving bodies]",
  journal =      "Annalen der Physik",
  volume =       "322",
  number =       "10",
  pages =        "891--921",
  year =         "1905",
  DOI =          "http://dx.doi.org/10.1002/andp.19053221004"
}

@article{Yu2014,
  author =       "Albert Einstein",
  title =        "Deep learning for answer sentence selection",
  journal =      "Annalen der Physik",
  volume =       "322",
  number =       "10",
  pages =        "891--921",
  year =         "1905",
  DOI =          "http://dx.doi.org/10.1002/andp.19053221004"
}

@article{Feng2015,
  author =       "Albert Einstein",
  title =        "Applying deep learning to
answer selection",
  journal =      "Annalen der Physik",
  volume =       "322",
  number =       "10",
  pages =        "891--921",
  year =         "1905",
  DOI =          "http://dx.doi.org/10.1002/andp.19053221004"
}

@article{Severyn2015,
  author =       "Albert Einstein",
  title =        "Learning to rank short text pairs with convolutional deep neural networks",
  journal =      "Annalen der Physik",
  volume =       "322",
  number =       "10",
  pages =        "891--921",
  year =         "1905",
  DOI =          "http://dx.doi.org/10.1002/andp.19053221004"
}

@article{Cicero2016,
  author =       "Albert Einstein",
  title =        "Attentive pooling networks",
  journal =      "Annalen der Physik",
  volume =       "322",
  number =       "10",
  pages =        "891--921",
  year =         "1905",
  DOI =          "http://dx.doi.org/10.1002/andp.19053221004"
}

@article{CunchaoTu,
  author =       "Albert Einstein",
  title =        "CANE:Context-aware network embedding for realtion modeling",
  journal =      "Annalen der Physik",
  volume =       "322",
  number =       "10",
  pages =        "891--921",
  year =         "1905",
  DOI =          "http://dx.doi.org/10.1002/andp.19053221004"
}

@book{latexcompanion,
    author    = "Michel Goossens and Frank Mittelbach and Alexander Samarin",
    title     = "The \LaTeX\ Companion",
    year      = "1993",
    publisher = "Addison-Wesley",
    address   = "Reading, Massachusetts"
}
 
@misc{knuthwebsite,
    author    = "Donald Knuth",
    title     = "Knuth: Computers and Typesetting",
    url       = "http://www-cs-faculty.stanford.edu/\~{}uno/abcde.html"
}
