%
% tutorial: http://www.iam.ubc.ca/~newbury/tex/bibtex.html
%

% LONG VERSION
@Comment

@string{vldb = "Proc. of Very Large Database (VLDB)"}
@Comment
@string{icde = "Int. Conf. Data Engineering (ICDE)"}
@Comment
@string{kdd = "Int'l Conf. on Knowledge Discovery and Data Mining (SIGKDD)"}
@Comment
@string{sigmod = "Int'l Conf. Management of Data (SIGMOD)"}
@Comment
@string{icdm = "Int'l Conf. Data Mining (ICDM)"}
@Comment
@string{edbt = "Int'l Conf. on Extending Database Technology (EDBT)"}
@Comment
@string{icml = "Int'l Conf. on Machine Learning (ICML)"}
@Comment
@string{pods = "ACM Symposium on Principles of Database Systems (PODS)"}
@Comment
@string{icdt = "International Conference on Database Theory (ICDT)"}
@Comment
@string{focs = "IEEE Symposium on Foundations of Computer Science (FOCS)"}
@Comment
@string{sdm = "SIAM Int'l Conf. on Data Mining (SDM)"}
@Comment
@string{ijcai = "Int'l Joint Conf. on Artificial Intelligence (IJCAI)"}
@Comment
@string{www = "Int'l World Wide Web Conference (WWW)"}
@Comment
@string{acl = "Association of Computational
Linguistics Conference (ACL)"}

% SHORT VERSION
@string{vldb = "VLDB"}
@string{icde = "ICDE"}
@string{kdd = "SIGKDD"}
@string{sigmod = "SIGMOD"}
@string{icdm = "ICDM"}
@string{edbt = "EDBT"}
@string{icml = "ICML"}
@string{pods = "PODS"}
@string{icdt = "ICDT"}
@string{focs = "FOCS"}
@string{sdm = "SIAM Data Mining"}
@string{ijcai = "IJCAI"}
@string{www = "WWW"}
@string{webdb = "WebDB"}
@string{nips = "NIPS"}
@string{iccl = "ICCL"}
@string{icdl = "ICDL"}
@string{sigir = "SIGIR"}
@string{acl = "ACL"}

@conference{yamauchi2007semantic,
  title={{The semantic web and human inference: A lesson from cognitive science}},
  author={Yamauchi, T.},
  booktitle={Proceedings of the 6th international The semantic web and 2nd Asian conference on Asian semantic web conference},
  pages={609--622},
  year={2007},
  organization={Springer-Verlag}
}




@Book{bigbookconcepts,
  author = 	 {Gregory L. Murphy},
  title = 	 {The Big Book of Concepts},
  publisher = 	 {{MIT} Press},
  year = 	 2002}

@inproceedings{webtables08,
    author = {Michael J. Cafarella and Eugene Wu and Alon Halevy and Yang Zhang and Daisy Zhe Wang},
    title = {WebTables: Exploring the Power of Tables on the Web },
    booktitle = vldb,
    year = {2008}
}

@inproceedings{agrawal09,
 author = {Agrawal, Sanjay and Chakrabarti, Kaushik and Chaudhuri, Surajit and Ganti, Venkatesh and Konig, Arnd Christian and Xin, Dong},
 title = {Exploiting web search engines to search structured databases},
 booktitle = www,
 year = {2009},
 isbn = {978-1-60558-487-4},
 pages = {501--510},
 location = {Madrid, Spain},
 doi = {http://doi.acm.org/10.1145/1526709.1526777},
 publisher = {ACM},
 address = {New York, NY, USA},
 }


%Query Rewriting
@inproceedings{ZhangHRJ07,
  author    = {Wei Vivian Zhang and
               Xiaofei He and
               Benjamin Rey and
               Rosie Jones},
  title     = {Query rewriting using active learning for sponsored search},
  booktitle = sigir,
  year      = {2007},
}

@inproceedings{jeh02simrank,
    author = {Jeh, Glen and Widom, Jennifer},
	title = {SimRank: a measure of structural-context similarity},
    booktitle = kdd,
    year = {2002}
}




@inproceedings{ilprints870,


    month = {June},

    title = {Simrank++: Query Rewriting through Link Analysis of the Click Graph},

    author = {Ioannis Antonellis and Hector Garcia-Molina and Chi-Chao Chang},

    year = {2008},

    booktitle = vldb,

    url = {http://ilpubs.stanford.edu:8090/870/},
}



@inproceedings{citeulike:1544979,
    author = {Zhang, Wei V. and Jones, Rosie},
    title = {Comparing Click Logs and Editorial Labels for Training Query Rewriting},
    booktitle = {Workshop on Query Log Analysis: Social And Technological Challenges},
    year = {2007}
}

@article{abs-cs-0605035,
  author    = {Filip Radlinski and
               Thorsten Joachims},
  title     = {Query Chains: Learning to Rank from Implicit Feedback},
  journal   = {CoRR},
  year      = {2006},
}

@inproceedings{AnickT99,
  author    = {Peter G. Anick and
               Suresh Tipirneni},
  title     = {The Paraphrase Search Assistant: Terminological Feedback
               for Iterative Information Seeking},
  booktitle = {SIGIR},
  year      = {1999},
  pages     = {153-159}
}



@inproceedings{XuC96,
  author    = {Jinxi Xu and
               W. Bruce Croft},
  title     = {Query Expansion Using Local and Global Document Analysis},
  booktitle = {SIGIR},
  year      = {1996},
  pages     = {4-11}
}

@inproceedings{QiuC06,
  author    = {Feng Qiu and
               Junghoo Cho},
  title     = {Automatic identification of user interest for personalized
               search},
  booktitle = {WWW},
  year      = {2006},
  pages     = {727-736}
}

@article{Haveliwala03,
  author    = {Taher H. Haveliwala},
  title     = {Topic-Sensitive PageRank: A Context-Sensitive Ranking Algorithm for Web Search},
  journal   = {IEEE Trans. Knowl. Data Eng.},
  volume    = {15},
  number    = {4},
  year      = {2003},
  pages     = {784-796}
}

@article{li2007sketch,
  title={{A sketch algorithm for estimating two-way and multi-way associations}},
  author={Li, P. and Church, K.W.},
  journal={Computational Linguistics},
  volume={33},
  number={3},
  pages={305--354},
  year={2007},
  publisher={MIT Press}
}

@inproceedings{GuoXCL09,
  author    = {Jiafeng Guo and Gu Xu and Xueqi Cheng and Hang Li},
  title     = {Named entity recognition in query},
  booktitle = {SIGIR},
  year      = {2009},
  pages     = {267-274}
}

@inproceedings{JonesRMG06,
  author    = {Rosie Jones and Benjamin Rey and Omid Madani and Wiley Greiner},
  title     = {Generating query substitutions},
  booktitle = {WWW},
  year      = {2006},
  pages     = {387-396}
}

@inproceedings{JonesF03,
  author    = {Rosie Jones and
               Daniel C. Fain},
  title     = {Query word deletion prediction},
  booktitle = {SIGIR},
  year      = {2003},
  pages     = {435--436}
}

@inproceedings{KumaranC09,
  author    = {Giridhar Kumaran and
               Vitor R. Carvalho},
  title     = {Reducing long queries using query quality predictors},
  booktitle = {SIGIR},
  year      = {2009},
  pages     = {564--571}
}


@inproceedings{MalekianCKW08,
  author    = {Azarakhsh Malekian and Chi-Chao Chang and Ravi Kumar and Grant Wang},
  title     = {Optimizing query rewrites for keyword-based advertising},
  booktitle = {ACM Conference on Electronic Commerce},
  year      = {2008},
}

@inproceedings{AzariHDB03,
  author    = {David Azari and Eric Horvitz and Susan T. Dumais and Eric Brill},
  title     = {Web-Based Question Answering: A Decision-Making Perspective},
  booktitle = {UAI},
  year      = {2003},
  pages     = {11-19}
}

@inproceedings{BroderFGJJZ07,
  author    = {Andrei Z. Broder and Marcus Fontoura and Evgeniy Gabrilovich and Amruta Joshi and Vanja Josifovski and Tong Zhang},
  title     = {Robust classification of rare queries using web knowledge},
  booktitle = {SIGIR},
  year      = {2007},
}

@inproceedings{GabrilovichM05,
  author    = {Evgeniy Gabrilovich and Shaul Markovitch},
  title     = {Feature Generation for Text Categorization Using World Knowledge},
  booktitle = {IJCAI},
  year      = {2005},
  pages     = {1048-1053}
}

@article{DeerwesterDLFH90,
  author    = {Scott C. Deerwester and Susan T. Dumais and Thomas K. Landauer and George W. Furnas and Richard A. Harshman},
  title     = {Indexing by Latent Semantic Analysis},
  journal   = {JASIS},
  volume    = {41},
  number    = {6},
  year      = {1990},
  pages     = {391-407}
}

@inproceedings{RadlinskiBCGJR08,
  author    = {Filip Radlinski and Andrei Z. Broder and Peter Ciccolo and Evgeniy Gabrilovich and Vanja Josifovski and Lance Riedel},
  title     = {Optimizing relevance and revenue in ad search: a query substitution approach},
  booktitle = {SIGIR},
  year      = {2008},
  pages     = {403-410}
}

@inproceedings{TerraC04,
  author    = {Egidio Terra and
               Charles L. A. Clarke},
  title     = {Scoring missing terms in information retrieval tasks},
  booktitle = {CIKM},
  year      = {2004},
  pages     = {50-58}
}

@inproceedings{Anick03,
  author    = {Peter G. Anick},
  title     = {Using terminological feedback for web search refinement:
               a log-based study},
  booktitle = {SIGIR},
  year      = {2003},
  pages     = {88-95}
}


%Taxonomy construction

@inproceedings{Hearst92,
  author    = {Marti A. Hearst},
  title     = {Automatic Acquisition of Hyponyms from Large Text Corpora},
  booktitle = {COLING},
  year      = {1992},
  pages     = {539-545}
}

@inproceedings{KozarevaHR09,
  author    = {Zornitsa Kozareva and
               Eduard Hovy and
               Ellen Riloff},
  title     = {Learning and Evaluating the Content and the Structure of a Term Taxonomy},
  booktitle = {2009 AAAI Spring Symposium on Learning by Reading and Learning to Read},
  year      = {2009}
}

@inproceedings{KumarRRT01,
    author = {Ravi Kumar and
              Prabhakar Raghavan and
              Sridhar Rajagopalan and
              Andrew Tomkins},
    title = {On semi-automated Web taxonomy construction},
    booktitle = {IN WEBDB},
    year = {2001},
    pages = {91--96},
    publisher = {ACM Press}
}

@inproceedings{PonzettoS07,
  author    = {Simone Paolo Ponzetto and
               Michael Strube},
  title     = {Deriving a Large-Scale Taxonomy from Wikipedia},
  booktitle = {AAAI},
  year      = {2007},
}
  pages     = {1440-1445}

@inproceedings{RitterSE09,
  author    = {Alan Ritter and
               Stephen Soderland and
               Oren Etzioni},
  title     = {What Is This, Anyway: Automatic Hypernym Discovery},
  booktitle = {AAAI Spring Symposium on Learning by Reading and Learning to Read},
  year      = 2009
}

@inproceedings{SnowJN06,
  author    = {Rion Snow and
               Daniel Jurafsky and
               Andrew Y. Ng},
  title     = {Semantic Taxonomy Induction from Heterogenous Evidence},
  booktitle = {ACL},
  year      = {2006}
}

@inproceedings{StrubeP06,
  author    = {Michael Strube and
               Simone Paolo Ponzetto},
  title     = {WikiRelate! Computing Semantic Relatedness Using Wikipedia},
  booktitle = {AAAI},
  year      = {2006}
}

@article{WangMGH08,
  author    = {Daisy Zhe Wang and
               Eirinaios Michelakis and
               Minos N. Garofalakis and
               Joseph M. Hellerstein},
  title     = {BayesStore: managing large, uncertain data repositories
               with probabilistic graphical models},
  journal   = {PVLDB},
  volume    = {1},
  number    = {1},
  year      = {2008},
  pages     = {340-351}
}

@inproceedings{FriedmanGKP99,
  author    = {Nir Friedman and
               Lise Getoor and
               Daphne Koller and
               Avi Pfeffer},
  title     = {Learning Probabilistic Relational Models},
  booktitle = {IJCAI},
  year      = {1999},
  pages     = {1300-1309}
}

@inproceedings{Poole03,
  author    = {David Poole},
  title     = {First-order probabilistic inference},
  booktitle = {IJCAI},
  year      = {2003},
  pages     = {985-991}
}

@inproceedings{SegalKO01,
  author    = {Eran Segal and
               Daphne Koller and
               Dirk Ormoneit},
  title     = {Probabilistic Abstraction Hierarchies},
  booktitle = {NIPS},
  year      = {2001},
  pages     = {913-920}
}

@article{BleiNJ03,
  author    = {David M. Blei and
               Andrew Y. Ng and
               Michael I. Jordan},
  title     = {Latent Dirichlet Allocation},
  journal   = {Journal of Machine Learning Research},
  volume    = {3},
  year      = {2003},
  pages     = {993-1022}
}

@inproceedings{BleiGJT03,
  author    = {David M. Blei and
               Thomas L. Griffiths and
               Michael I. Jordan and
               Joshua B. Tenenbaum},
  title     = {Hierarchical Topic Models and the Nested Chinese Restaurant
               Process},
  booktitle = {NIPS},
  year      = {2003}
}

@inproceedings{SnowJN05,
  author    = {Rion Snow and
               Daniel Jurafsky and
               Andrew Y. Ng},
  title     = {Learning Syntactic Patterns for Automatic Hypernym Discovery},
  booktitle = {NIPS},
  year      = {2005}
}

@inproceedings{SnowPJN07,
  author    = {Rion Snow and
               Sushant Prakash and
               Daniel Jurafsky and
               Andrew Y. Ng},
  title     = {Learning to Merge Word Senses},
  booktitle = {EMNLP-CoNLL},
  year      = {2007},
  pages     = {1005-1014}
}

@inproceedings{ZhangL04,
  author    = {Dell Zhang and
               Wee Sun Lee},
  title     = {Web taxonomy integration using support vector machines},
  booktitle = {WWW},
  year      = {2004},
  pages     = {472-481}
}

@inproceedings{AgrawalS01,
  author    = {Rakesh Agrawal and
               Ramakrishnan Srikant},
  title     = {On integrating catalogs},
  booktitle = {WWW},
  year      = {2001},
  pages     = {603-612}
}

@inproceedings{DongHY07,
  author    = {Xin Luna Dong and
               Alon Y. Halevy and
               Cong Yu},
  title     = {Data Integration with Uncertainty},
  booktitle = {VLDB},
  year      = {2007},
  pages     = {687-698}
}

@inproceedings{Pasca04,
  author    = {Marius Pasca},
  title     = {Acquisition of categorized named entities for web search},
  booktitle = {CIKM},
  year      = {2004},
  pages     = {137-145}
}

@inproceedings{PascaLBLJ06,
  author    = {Marius Pasca and
               Dekang Lin and
               Jeffrey Bigham and
               Andrei Lifchits and
               Alpa Jain},
  title     = {Organizing and Searching the World Wide Web of Facts - Step
               One: The One-Million Fact Extraction Challenge},
  booktitle = {AAAI},
  year      = {2006}
}

@inproceedings{Pasca07CIKM,
  author    = {Marius Pasca},
  title     = {Weakly-supervised discovery of named entities using web
               search queries},
  booktitle = {CIKM},
  year      = {2007},
  pages     = {683-690}
}

@inproceedings{Pasca07WWW,
  author    = {Marius Pasca},
  title     = {Organizing and searching the world wide web of facts --
               step two: harnessing the wisdom of the crowds},
  booktitle = {WWW},
  year      = {2007},
}
  pages     = {101-110}

@inproceedings{Pasca08,
  author    = {Marius Pasca},
  title     = {Turning Web Text and Search Queries into Factual Knowledge:
               Hierarchical Class Attribute Extraction},
  booktitle = {AAAI},
  year      = {2008},
}
  pages     = {1225-1230}

@inproceedings{PascaA09,
  author    = {Marius Pasca and
               Enrique Alfonseca},
  title     = {Web-derived resources for web information retrieval: from
               conceptual hierarchies to attribute hierarchies},
  booktitle = {SIGIR},
  year      = {2009},
  pages     = {596-603}
}

@inproceedings{CarlsonBWHM10,
  author    = {Andrew Carlson and
               Justin Betteridge and
               Richard C. Wang and
               Estevam R. Hruschka Jr. and
               Tom M. Mitchell},
  title     = {Coupled semi-supervised learning for information extraction},
  booktitle = {WSDM},
  year      = {2010},
  pages     = {101-110}
}

@inproceedings{TongFP06,
  author    = {Hanghang Tong and
               Christos Faloutsos and
               Jia-Yu Pan},
  title     = {Fast Random Walk with Restart and Its Applications},
  booktitle = {ICDM},
  year      = {2006},
  pages     = {613-622}
}

@article{FungYLY06,
  author    = {Gabriel Pui Cheong Fung and
               Jeffrey Xu Yu and
               Hongjun Lu and
               Philip S. Yu},
  title     = {Text Classification without Negative Examples Revisit},
  journal   = {IEEE Trans. Knowl. Data Eng.},
  volume    = {18},
  number    = {1},
  year      = {2006},
  pages     = {6-20}
}

@inproceedings{KozarevaRH08,
  author    = {Zornitsa Kozareva and
               Ellen Riloff and
               Eduard Hovy},
  title     = {Semantic Class Learning from the Web with Hyponym Pattern Linkage Graphs},
  booktitle = acl,
  year      = {2008}
}

@inproceedings{ChungLLLMR02,
  author    = {Christina Yip Chung and
               Raymond Lieu and
               Jinhui Liu and
               Alpha K. Luk and
               Jianchang Mao and
               Prabhakar Raghavan},
  title     = {Thematic mapping - from unstructured documents to taxonomies},
  booktitle = {CIKM},
  year      = {2002},
  pages     = {608-610}
}

@article{ChuangC05,
  author    = {Shui-Lung Chuang and
               Lee-Feng Chien},
  title     = {Taxonomy generation for text segments: A practical web-based
               approach},
  journal   = {ACM Trans. Inf. Syst.},
  volume    = {23},
  number    = {4},
  year      = {2005},
  pages     = {363-396}
}

@inproceedings{RoarkC98,
  author    = {Brian Roark and
               Eugene Charniak},
  title     = {Noun-Phrase Co-Occurence Statistics for Semi-Automatic Semantic
               Lexicon Construction},
  booktitle = {COLING-ACL},
  year      = {1998},
  pages     = {1110-1116}
}

@inproceedings{Caraballo99,
  author    = {Sharon A. Caraballo},
  title     = {Automatic construction of a hypernym-labeled noun hierarchy
               from text},
  booktitle = {ACL},
  year      = {1999}
}

@inproceedings{PereiraTL93,
  author    = {Fernando C. N. Pereira and
               Naftali Tishby and
               Lillian Lee},
  title     = {Distributional Clustering of English Words},
  booktitle = {ACL},
  year      = {1993},
  pages     = {183-190}
}

@incollection{Karp72,
	author = {Richard. M. Karp},
  	title = {Reducibility among combinatorial problems},
  	booktitle = {Complexity of Computer Computations},
  	editor = {R. E. Miller and J. W. Thatcher},
  	publisher = {PLNM},	
  	year = {1972},
  	pages = {85-103}
}

@phdthesis{Kann92,
    author = {Viggo Kann},
    school = {Royal Institute of Technology Stockholm},
    title = {On the Approximability of NP-complete Optimization Problems},
    year = {1992}
}

@article{SaltonB88,
  author    = {Gerard Salton and
               Chris Buckley},
  title     = {Term-Weighting Approaches in Automatic Text Retrieval},
  journal   = {Inf. Process. Manage.},
  volume    = {24},
  number    = {5},
  year      = {1988},
  pages     = {513-523}
}

@inproceedings{EtzioniCDKPSSWY04,
  author    = {Oren Etzioni and
               Michael J. Cafarella and
               Doug Downey and
               Stanley Kok and
               Ana-Maria Popescu and
               Tal Shaked and
               Stephen Soderland and
               Daniel S. Weld and
               Alexander Yates},
  title     = {Web-scale information extraction in knowitall},
  booktitle = {WWW},
  year      = {2004},
  pages     = {100-110}
}

@inproceedings{BankoCSBE07,
  author    = {Michele Banko and
               Michael J. Cafarella and
               Stephen Soderland and
               Matthew Broadhead and
               Oren Etzioni},
  title     = {Open Information Extraction from the Web},
  booktitle = {IJCAI},
  year      = {2007},
  pages     = {2670-2676}
}

@inproceedings{SuchanekKW07,
  author    = {Fabian M. Suchanek and
               Gjergji Kasneci and
               Gerhard Weikum},
  title     = {Yago: a core of semantic knowledge},
  booktitle = {WWW},
  year      = {2007},
  pages     = {697-706}
}

@inproceedings{CimianoV05,
    author = {Philipp Cimiano and Johanna V\"{o}lker},
    booktitle = {Proceedings of Recent Advances in Natural Language Processing (RANLP)},
    pages = {166-172},
    title = {Towards Large-Scale, Open-Domain and Ontology-Based Named Entity Classification},
    year = {2005}
}

@inproceedings{Mann02,
    author = {Mann, Gideon S.},
    booktitle = {Proceedings of the 19th International Conference on Computational Linguistics},
    title = {Fine-Grained Proper Noun Ontologies for Question Answering},
    year = {2002},
    pages = {1-7}
}

@inproceedings{WangC07,
  author    = {Richard C. Wang and
               William W. Cohen},
  title     = {Language-Independent Set Expansion of Named Entities Using
               the Web},
  booktitle = {ICDM},
  year      = {2007},
  pages     = {342-350}
}

@inproceedings{WangC08,
  author    = {Richard C. Wang and
               William W. Cohen},
  title     = {Iterative Set Expansion of Named Entities Using the Web},
  booktitle = {ICDM},
  year      = {2008},
  pages     = {1091-1096}
}

@book{wordnet,
  editor = {Christiane Fellbaum},
  publisher = {MIT Press},
  title = {WordNet: an electronic lexical database},
  year = {1998}
}

@inproceedings{MetzlerDM07,
  author    = {Donald Metzler and
               Susan T. Dumais and
               Christopher Meek},
  title     = {Similarity Measures for Short Segments of Text},
  booktitle = {ECIR},
  year      = {2007},
  pages     = {16-27}
}

@article{ChaikenJLRSWZ08,
  author    = {Ronnie Chaiken and
               Bob Jenkins and
               Per-{\AA}ke Larson and
               Bill Ramsey and
               Darren Shakib and
               Simon Weaver and
               Jingren Zhou},
  title     = {SCOPE: easy and efficient parallel processing of massive
               data sets},
  journal   = {PVLDB},
  year      = {2008},
}

@inproceedings{KleinM02,
  author    = {Dan Klein and
               Christopher D. Manning},
  title     = {Fast Exact Inference with a Factored Model for Natural Language
               Parsing},
  booktitle = {NIPS},
  year      = {2002},
  pages     = {3-10}
}

@inproceedings{CrysmannFKMNPSSUXBK02,
  author    = {Berthold Crysmann and
               Anette Frank and
               Bernd Kiefer and
               Stefan Mueller and
               G{\"u}nter Neumann and
               Jakub Piskorski and
               Ulrich Sch{\"a}fer and
               Melanie Siegel and
               Hans Uszkoreit and
               Feiyu Xu and
               Markus Becker and
               Hans-Ulrich Krieger},
  title     = {An Integrated Archictecture for Shallow and Deep Processing},
  booktitle = {ACL},
  year      = {2002},
  pages     = {441-448}
}

@inproceedings{Resnik95,
  author    = {Philip Resnik},
  title     = {Using Information Content to Evaluate Semantic Similarity
               in a Taxonomy},
  booktitle = {IJCAI},
  year      = {1995},
  pages     = {448-453}
}

@article{BudanitskyH06,
  author    = {Alexander Budanitsky and
               Graeme Hirst},
  title     = {Evaluating WordNet-based Measures of Lexical Semantic Relatedness},
  journal   = {Computational Linguistics},
  volume    = {32},
  number    = {1},
  year      = {2006},
  pages     = {13-47}
}


@book{researchCyc,
 author = {Douglas B. Lenat and R. V. Guha},
 title  = {Building Large Knowledge-Based Systems: Representation and Inference in the Cyc Project},
 publisher  = {Addison-Wesley},
 year   = {1989}
}


@inproceedings{dbpedia,
  author    = {S. Auer and
               C. Bizer and
               G. Kobilarov and
               J. Lehmann and
               R. Cyganiak and
               Z. Ives},
  title     = {DBpedia: A Nucleus for a Web of Open Data},
  booktitle = {ISWC/ASWC},
  year      = {2007},
  pages     = {722-735}
}

@inproceedings{Baeza-YatesT07,
  author    = {Ricardo A. Baeza-Yates and Alessandro Tiberi},
  title     = {Extracting semantic relations from query logs},
  booktitle = {KDD},
  year      = {2007},
  pages     = {76-85}
}

@inproceedings{PonzettoN09,
  author    = {Simone Paolo Ponzetto and
               Roberto Navigli},
  title     = {Large-Scale Taxonomy Mapping for Restructuring and Integrating
               Wikipedia},
  booktitle = {IJCAI},
  year      = {2009},
}
  pages     = {2083-2088}

@inproceedings{NELL,
  author    = {Andrew Carlson and
               Justin Betteridge and
               Bryan Kisiel and
               Burr Settles and
               Estevam R. Hruschka Jr. and
               Tom M. Mitchell},
  title     = {Toward an Architecture for Never-Ending Language Learning},
  booktitle = {AAAI},
  year      = {2010}
}

@inproceedings{woc,
  author    = {Nilesh N. Dalvi and
               Ravi Kumar and
               Bo Pang and
               Raghu Ramakrishnan and
               Andrew Tomkins and
               Philip Bohannon and
               Sathiya Keerthi and
               Srujana Merugu},
  title     = {A web of concepts},
  booktitle = {PODS},
  year      = {2009},
  pages     = {1-12}
}

@article{twoc,
  author    = {Aditya G. Parameswaran and
               Hector Garcia-Molina and
               Anand Rajaraman},
  title     = {Towards The Web of Concepts: Extracting Concepts from Large
               Datasets},
  journal   = {PVLDB},
  volume    = {3},
  number    = {1},
  year      = {2010},
  pages     = {566-577}
}

@inproceedings{pods10t,
  author    = {Gerhard Weikum and
               Martin Theobald},
  title     = {From information to knowledge: harvesting entities and relationships
               from web sources},
  booktitle = {PODS},
  year      = {2010},
  pages     = {65-76}
}

@inproceedings{CimianoV05,
  author    = {Philipp Cimiano and
               Johanna V{\"o}lker},
  title     = {Text2Onto},
  booktitle = {NLDB},
  year      = {2005},
  pages     = {227-238}
}

% ========== Web tables below =================

@inproceedings{preWebtables,
author = {Michael J. Cafarella and Eugene Wu and Alon Halevy and Yang Zhang and Daisy Zhe Wang},
title = {Uncovering the Relational Web},
booktitle = webdb,
year = {2008}
}

@inproceedings{pascawww07,
author = {Marius Pasca},
title = {Organizing and Searching the World Wide Web of Facts - Step Two: Harnessing the Wisdom of the Crowds},
booktitle = www,
year = {2007}
}

@inproceedings{attrnips07,
author = {K. Bellare and P. P. Talukdar and G. Kumaran and F. Pereira and M. Liberman and A. McCallum and M. Dredze},
title = {Lightly-Supervised Attribute Extraction},
booktitle = nips,
year = {2007}
}

@inproceedings{deepwebtestbed,
author = {Y. Yamada and N. Craswell and T. Nakatoh and S.Hirokawa},
title = {Testbed for information extraction from deep Web},
booktitle = www,
year = {2005}
}


@inproceedings{listExtract,
author = {H. Elmeleegy and J. Madhavan and A. Halevy},
title = {Harvesting Relational Tables from Lists on the Web},
booktitle = vldb,
year = {2009}
}

@inproceedings{MLTableDetect,
author = {Yalin Wang and Jianying Hu},
title = {A Machine Learning Based Approach for Table Detection on The Web},
booktitle = www,
year = {2002}
}

@InProceedings{probasetr,
  author = 	 {Haixun Wang et al},
  title = 	 {Probase: Building a Probabilistic Ontology from the Web},
  institution =  {Microsoft Research},
  year = 	 2010}

@InProceedings{probaseevidence,
  author = 	 {Haixun Wang et al},
  title = 	 {Evidential Reasoning over Evidences on the Web},
  institution =  {Microsoft Research},
  year = 	 2010}


@inproceedings{freebase,
author = {K. Bollacker and C. Evans and P. Paritosh and T. Sturge and J. Taylor},
title = {Freebase: a collaboratively created graph database for structuring human knowledge},
booktitle = sigmod,
year = {2008}
}

@misc{InfluentialScientists,
title = {20 Most Influential Scientists Alive Today},
howpublished = "\url{http://www.superscholar.org/features/20-most-influential-scientists-alive-today/}"
}

@misc{TopFootball,
title = {Top 50 College Football Teams Heading Into 2011},
howpublished = "\url{http://bleacherreport.com/articles/718070-college-football-rankings-top-50-teams-heading-into-2011/page/3}"
}

@misc{wikipedia,
title = {Wikipedia},
howpublished = "\url{http://www.wikipedia.org}"
}

@misc{powerset,
title = {Powerset},
howpublished = "\url{http://www.powerset.com}"
}

@misc{googlesets,
title = {Google Sets},
howpublished = "\url{http://labs.google.com/sets}"
}


@misc{imdb,
title = {The Internet Movie Database ({IMDb})},
howpublished = "\url{http://www.imdb.com}"
}

@misc{dbpedia-url,
title = {{DBPedia}},
howpublished = "\url{http://dbpedia.org}"
}

@misc{hakia,
title = {Hakia},
howpublished = "\url{http://www.hakia.com}"
}

@misc{wolfram,
title = {Wolfram Alpha},
howpublished = "\url{http://www.wolframalpha.com}"
}

@misc{sensebot,
title = {SenseBot},
howpublished = "\url{http://www.sensebot.net}"
}

@misc{deepdyve,
title = {DeepDyve},
howpublished = "\url{http://www.deepdyve.com}"
}

@misc{evri,
title = {Evri},
howpublished = "\url{http://www.evri.com}"
}

@misc{entitycube,
title = {EntityCube},
howpublished = "\url{http://entitycube.research.microsoft.com/}"
}

@inproceedings{exploitsemantic4table,
  author = {Zareen Syed and Tim Finin and Varish Mulwad and Anupam Joshi},
  title = {Exploiting a Web of Semantic Data for Interpreting Tables},
  booktitle = "Proceedings of the Second Web Science Conference",
  year = {2010}
}

@inproceedings{intergratetable,
  author = {Minoru Yoshida and Kentaro Torisawa and Jun��ichi Tsujii},
  title = {A method to integrate tables of the World Wide Web},
  booktitle = "International Workshop on Web Document Analysis",
  year = {2001}
}

@inproceedings{travelTable,
  author = {H. Chen and S. Tsai and J. Tsai},
  title = {Mining tables from large scale HTML texts},
  booktitle = iccl,
  year = {2000}
}

@inproceedings{classattr,
  author = {},
  title = {Weakly-Supervised Acquisition of Generalized Class Attributes from Web Search Questions},
  booktitle = "where?",
  year = {2010}
}

@inproceedings{tintin,
  author = {Pallavi Pyreddy and W. Bruce Croft},
  title = {TINTIN: A System for Retrieval in Text Tables},
  booktitle = icdl,
  year = {1997}
}

@inproceedings{textCRF,
  author = {D. Pinto and A. McCallum and Xing Wei and W. Bruce Croft},
  title = {Table Extraction Using Conditional Random Fields},
  booktitle = sigir,
  year = {2003}
}

@inproceedings{webtemplate,
  author = {Arvind Arasu and Hector Garcia-Molina},
  title = {Extracting Structured Data from Web Pages},
  booktitle = sigmod,
  year = {2003}
}

@inproceedings{annotate,
  author = {Girija Limaye and Sunita Sarawagi and Soumen Chakrabarti},
  title = {Annotating and Searching Web Tables Using Entities, Types and Relationships},
  booktitle = vldb,
  year = {2010}
}

@inproceedings{knowitall,
  author = {Oren Etzioni and Michael Cafarella and Doug Downey},
  title = {WebScale Information Extraction in KnowItAll (Preliminary Results)},
  booktitle = www,
  year = {2004}
}
}

% ============== Web tables above ==================

%Relation Extraction
@inproceedings{brin98,
	author = {S. Brin. },
	title = {Extracting Patterns and Relations from the World Wide Web},
	booktitle = {WebDB},
	year={1998}
}

@inproceedings{snowball00,
	author = {E. Agichtein and L. Gravano},
	title = {Snowball: Extracting Relations from Large Plain-Text Collections},
	booktitle = {DL},
	year={2000}
}

@inproceedings{statsnowball09,
	author = {J. Zhu and Z. Nie and X. Liu and B. Zhang and J. Wen},
	title = {StatSnowball: a statistical approach to extracting entity relationships},
	booktitle = {WWW},
	year={2009}
}

@inproceedings{knowitall04,
	author = {J. Zhu and Z. Nie and X. Liu and B. Zhang and J. Wen},
	title = {Web-Scale Information Extraction in KnowItAll:(Preliminary Results)},
	booktitle = {WWW},
	year={2004}
}

@inproceedings{knowitall04b,
	author = {S. Soderland and O. Etzioni and T. Shaked and D. Weld},
	title = {The Use of Web-based Statistics to Validate Information Extraction},
	booktitle = {ATEM},
	year={2004}
}


@inproceedings{Cafarella06,
	author = {M. Cafarella and M. Banko and O. Etzioni.},
	title = {Relational web search},
	booktitle = {UW CSE Tech Report},
	year={2006}
}

@inproceedings{mapreduce04,
	author = {Jeffrey Dean and Sanjay Ghemawat},
	title = {MapReduce: Simplified Data Processing on Large Clusters},
	booktitle = {OSDI},
	year={2004}
}

@inproceedings{KatoOOT09,
  author    = {Makoto P. Kato and
               Hiroaki Ohshima and
               Satoshi Oyama and
               Katsumi Tanaka},
  title     = {Query by analogical example: relational search using web
               search engine indices},
  booktitle = {CIKM},
  year      = {2009},
  pages     = {27--36}
}

@article{Sarawagi08,
  title={{Information extraction}},
  author={Sarawagi, S.},
  journal={Foundations and Trends in Databases},
  volume={1},
  number={3},
  pages={261--377},
  year={2008},
  publisher={Now Publishers Inc.}
}

@article{Fagin03,
  title={Comparing Top K Lists},
  author={Fagin, R. and Kumar, R. and Sivakumar, D.},
  journal={{SIAM} Journal on Discrete Mathematics},
  volume={17},
  pages={134--160},
  year={2003}
}

@article{Lesk69,
  title={Word-word Associations in Document Retrieval Systems},
  author={M. E. Lesk},
  journal={American Documentation},
  volume={20},
  pages={27--38},
  year={1969}
}

@article{SaltonB90,
  author    = {Gerard Salton and
               Chris Buckley},
  title     = {Improving retrieval performance by relevance feedback},
  journal   = {JASIS},
  volume    = {41},
  number    = {4},
  year      = {1990},
  pages     = {288--297}
}

@inproceedings{FonsecaGPRZ05,
  author    = {Bruno M. Fonseca and
               Paulo Braz Golgher and
               Bruno P{\^o}ssas and
               Berthier A. Ribeiro-Neto and
               Nivio Ziviani},
  title     = {Concept-based interactive query expansion},
  booktitle = {CIKM},
  year      = {2005},
  pages     = {696--703}
}

@article{DurhamLS83,
  author    = {Ivor Durham and
               David Alex Lamb and
               James B. Saxe},
  title     = {Spelling Correction in User Interfaces},
  journal   = {Commun. ACM},
  volume    = {26},
  number    = {10},
  year      = {1983},
  pages     = {764--773}
}


@article{singh2010open,
  title={{Open Mind Common Sense: Knowledge acquisition from the general public}},
  author={Singh, P. and Lin, T. and Mueller, E. and Lim, G. and Perkins, T. and Li Zhu, W.},
  journal={On the Move to Meaningful Internet Systems: CoopIS, DOA, and ODBASE},
  pages={1223--1237},
  year={2002},
  publisher={Springer}
}



%%%%%%%%%%%%%%%%%%%%%%%%%%%%%%%%%%%%%%%%%%%%%%%%%%%%%%%%%%%%%%
% PROBASE Related publications                               %
%%%%%%%%%%%%%%%%%%%%%%%%%%%%%%%%%%%%%%%%%%%%%%%%%%%%%%%%%%%%%%

@InProceedings{probasedemo,
  author = 	 {Zhongyuan Wang, et al},
  title = 	 {Probase: Using a Knowledgebase for Semantic Search},
  booktitle = {submitted to SIGMOD'10 demo track},
  year = 	 2010}

@Misc{trinity,
  title = 	 {Trinity: A Distributed Hypergraph Store},
  howpublished = "\url{http://research.microsoft.com/trinity/}"
}

@TechReport{wentao,
  author = 	 {Wentao Wu and Hongsong Li and Haixun Wang and Kenny Q. Zhu},
  title = 	 {Towards a Probabilistic Taxonomy of Many Concepts},
  institution =  {Microsoft Research},
  year = {2010}
}

@TechReport{wangyue,
  author = 	 {Yue Wang and Hongsong Li and Haixun Wang and Kenny Q. Zhu},
  title = 	 {Toward Topic Search on the Web},
  institution =  {Microsoft Research},
  year = {2010}
}



@TechReport{jingjing,
  author = 	 {Jingjing Wang and Bin Shao and Haixun Wang and Kenny Q. Zhu},
  title = 	 {Understanding Tables on the Web},
  institution =  {Microsoft Research},
  year = {2010}
}

@InProceedings{bolintr,
author = {Bolin Din and Haixun Wang and Ruomin Jin},
title = {Semantic Indexing using Probase},
institution = {Microsoft Research},
note = { Under submission },
year={2010}
}

@InProceedings{yujiao,
author = {Yujiao Zhou and Bin Shao and Haixun Wang and Ruomin Jin},
title = {Evidential Reasoning in Probase},
institution = {Microsoft Research},
note = { Under submission },
year={2010}
}


@InProceedings{wangpeng,
  author = 	 {Peng Wang and Hongsong Li and Haixun Wang and Kenny Q. Zhu},
  title = 	 {Taxonomy Assisted Massive Relationship Extraction from the Web},
  institution =  {Microsoft Research},
  year = {2010}
}

@Misc{yuewangwww,
howpublished = "\url{http://research.microsoft.com/en-us/projects/probase/topicsearch.aspx}",
howpublishedblind = "\url{http://202.120.38.146/probase/topicsearch/index.html}"}
  author = 	 {Yue Wang and Hongsong Li and Haixun Wang and Kenny Q. Zhu},
  title = 	 {Supplementary Material for Topic Search on the Web},

@Misc{jjwww,
howpublished = "\url{http://research.microsoft.com/en-us/projects/probase/tablesearch.aspx}"}
  author = 	 {Jingjing Wang and Bin Shao and Haixun Wang and Kenny Q. Zhu},
  title = 	 {Supplementary Material for Understanding Tables on the Web},

@Misc{jjsigir,
howpublished = "\url{http://202.120.38.146/probase/tablesearch/Overview.html}"}
  title = 	 {Supplementary Material for Understanding Tables on the Web},

@misc{winista,
title = {Winista HtmlParser},
howpublished = "\url{http://www.netomatix.com}"
}


@InProceedings{yujiaoblind,
author ={},
title = {Omitted for double-blind review},
}
@InProceedings{jingjingblind,
author ={},
title = {Omitted for double-blind review},
}
@InProceedings{wentaoblind,
author ={},
title = {Omitted for double-blind review},
}
@InProceedings{yuewangblind,
author ={},
title = {Omitted for double-blind review},
}
@InProceedings{wangpengblind,
author ={},
title = {Omitted for double-blind review},
}

@Book{murphy02,
  author = 	 {George L. Murphy},
  title = 	 {The Big Book of Concepts},
  publisher = 	 {The {MIT} Press},
  year = 	 2002}



@conference{downey2005probabilistic,
  title={{A probabilistic model of redundancy in information extraction}},
  author={Downey, D. and Etzioni, O. and Soderland, S.},
  booktitle=ijcai,
  year={2005},
}
  @Comment volume={19},
  @Comment pages={1034},
  @Comment issn={1045-0823},
  @Comment organization={Citeseer}



@Article{naturereview,
  author = 	 {Paul Bloom},
  title = 	 {Glue for the mental world},
  journal = 	 {Nature},
  year = 	 2003,
  number = 	 421,
  pages = 	 {212-213},
  month = 	 {Jan}}


@book{murphy2004big,
  title={{The big book of concepts}},
  author={Murphy, G.L.},
  isbn={0262632993},
  year={2004},
  publisher={The MIT Press}
}

@article{Navigli09:WSD,
  author    = {Roberto Navigli},
  title     = {Word sense disambiguation: A survey},
  journal   = {ACM Comput. Surv.},
  volume    = {41},
  number    = {2},
  year      = {2009}
}

@inproceedings{Jiang97:taxonomySimilarity,
  author = {J.J. Jiang and D.W. Conrath},
  booktitle = {Proc. of the Int'l. Conf. on Research in Computational Linguistics},
  pages = {19--33},
  title = {Semantic similarity based on corpus statistics and lexical taxonomy},
  year = {1997}
}

@inproceedings{GabrilovichM07:ESA,
  author    = {Evgeniy Gabrilovich and
               Shaul Markovitch},
  title     = {Computing Semantic Relatedness Using Wikipedia-based Explicit
               Semantic Analysis},
  booktitle = {IJCAI},
  year      = {2007},
  pages     = {1606-1611}
}

@inproceedings{Song11:Conceptualize,
  author = {Yangqiu Song and Haixun Wang and 
		Zhongyuan Wang and Hongsong Li
		and Weizhu Chen},
  booktitle = {IJCAI},
  title = {Short Text Conceptualization using a Probabilistic Knowledgebase},
  year = {2011}
}

@article{CzumajKL07:LCA,
  author    = {Artur Czumaj and
               Miroslaw Kowaluk and
               Andrzej Lingas},
  title     = {Faster algorithms for finding lowest common ancestors in
               directed acyclic graphs},
  journal   = {Theor. Comput. Sci.},
  volume    = {380},
  number    = {1-2},
  year      = {2007},
  pages     = {37-46}
}

@article{BenderFPSS05:LCA,
  author    = {Michael A. Bender and
               Martin Farach-Colton and
               Giridhar Pemmasani and
               Steven Skiena and
               Pavel Sumazin},
  title     = {Lowest common ancestors in trees and directed acyclic graphs},
  journal   = {J. Algorithms},
  volume    = {57},
  number    = {2},
  year      = {2005},
  pages     = {75-94}
}

@inproceedings{Lewis98:Naive,
  author    = {David D. Lewis},
  title     = {Naive (Bayes) at Forty: The Independence Assumption in Information
               Retrieval},
  booktitle = {ECML},
  year      = {1998},
  pages     = {4-15}
}

@inproceedings{Mihalcea07:WSD,
  author    = {Rada Mihalcea},
  title     = {Using Wikipedia for Automatic Word Sense Disambiguation},
  booktitle = {HLT-NAACL},
  year      = {2007},
  pages     = {196-203}
}

@article{AshishK97:WrapperGeneration,
  author    = {Naveen Ashish and
               Craig A. Knoblock},
  title     = {Wrapper Generation for Semi-structured Internet Sources},
  journal   = {SIGMOD Record},
  volume    = {26},
  number    = {4},
  year      = {1997},
  pages     = {8-15}
}

@inproceedings{YangZ01:VisualCues,
  author    = {Yudong Yang and
               HongJiang Zhang},
  title     = {HTML Page Analysis Based on Visual Cues},
  booktitle = {ICDAR},
  year      = {2001},
  pages     = {859-864}
}

@inproceedings{BaumgartnerFG01:Lixto,
  author    = {Robert Baumgartner and
               Sergio Flesca and
               Georg Gottlob},
  title     = {Visual Web Information Extraction with Lixto},
  booktitle = {VLDB},
  year      = {2001},
  pages     = {119-128}
}

@inproceedings{MeccaCM01:RoadRunner,
  author    = {Valter Crescenzi and
               Giansalvatore Mecca and
               Paolo Merialdo},
  title     = {RoadRunner: Towards Automatic Data Extraction from Large
               Web Sites},
  booktitle = {VLDB},
  year      = {2001},
  pages     = {109-118}
}

@inproceedings{YinTL11:Facto,
  author    = {Xiaoxin Yin and
               Wenzhao Tan and
               Chao Liu},
  title     = {FACTO: a fact lookup engine based on web tables},
  booktitle = {WWW},
  year      = {2011},
  pages     = {507-516}
}

@inproceedings{Lerman01:AutomaticData,
    author = {Kristina Lerman and Craig Knoblock and Steven Minton},
    title = {Automatic Data Extraction from Lists and Tables in Web Sources},
    booktitle = {In Proceedings of the workshop on Advances in Text Extraction and Mining (IJCAI-2001), Menlo Park},
    year = {2001},
    publisher = {AAAI Press}
}

@inproceedings{LiuGZ03:MDR,
  author    = {Bing Liu and
               Robert L. Grossman and
               Yanhong Zhai},
  title     = {Mining data records in Web pages},
  booktitle = {KDD},
  year      = {2003},
  pages     = {601-606}
}

@inproceedings{ChangL01:IEPAD,
  author    = {Chia-Hui Chang and
               Shao-Chen Lui},
  title     = {IEPAD: information extraction based on pattern discovery},
  booktitle = {WWW},
  year      = {2001},
  pages     = {681-688}
}

@inproceedings{MiaoTHSM09:TagPathClustering,
  author    = {Gengxin Miao and
               Jun'ichi Tatemura and
               Wang-Pin Hsiung and
               Arsany Sawires and
               Louise E. Moser},
  title     = {Extracting data records from the web using tag path clustering},
  booktitle = {WWW},
  year      = {2009},
  pages     = {981-990}
}

@inproceedings{FumarolaWBMH11:HyLiEn,
  author    = {Fabio Fumarola and
               Tim Weninger and
               Rick Barber and
               Donato Malerba and
               Jiawei Han},
  title     = {HyLiEn: a hybrid approach to general list extraction on
               the web},
  booktitle = {WWW (Companion Volume)},
  year      = {2011},
  pages     = {35-36}
}

@inproceedings{FumarolaWBMH11:List,
  author    = {Fabio Fumarola and
               Tim Weninger and
               Rick Barber and
               Donato Malerba and
               Jiawei Han},
  title     = {Extracting General Lists from Web Documents: A Hybrid Approach},
  booktitle = {IEA/AIE (1)},
  year      = {2011},
  pages     = {285-294}
}

@techreport{CYWM03a:VIPS,
    author = {Deng Cai and Shipeng Yu and Ji-Rong Wen and Wei-Ying Ma},
    title = {{VIPS}: a Vision-based Page Segmentation Algorithm},
    institution = {Microsoft (MSR-TR-2003-79)},
    year = {2003},
    month = {November}
}

@article{Weninger10:UnexpectedList,
  author    = {Tim Weninger and
               Fabio Fumarola and
               Rick Barber and
               Jiawei Han and
               Donato Malerba},
  title     = {Unexpected results in automatic list extraction on the web},
  journal   = {SIGKDD Explorations},
  volume    = {12},
  number    = {2},
  year      = {2010},
  pages     = {26-30}
}


@InProceedings{GatterbauerBHKP2007:Towards,
  author =      {Wolfgang Gatterbauer and Paul Bohunsky and Marcus Herzog and Bernhard Kr\"{u}pl and Bernhard Pollak},
  title =       {Towards Domain-Independent Information Extraction from Web Tables},
  year =        {2007},
  booktitle =   {WWW},
  pages =       {71--80},
  publisher =   {ACM Press},
}
