@INPROCEEDINGS{wu2012probase,
  author = {Wu, Wentao and Li, Hongsong and Wang, Haixun and Zhu, Kenny Q},
  title = {Probase: A probabilistic taxonomy for text understanding},
  booktitle = {Proceedings of ACM SIGMOD},
  year = {2012},
  pages = {481--492},
  organization = {ACM}
}

@INPROCEEDINGS{klein2003accurate,
  author = {Klein, Dan and Manning, Christopher D},
  title = {Accurate unlexicalized parsing},
  booktitle = {Proceedings of the 41st Annual Meeting on Association for Computational
	Linguistics-Volume 1},
  year = {2003},
  pages = {423--430},
  organization = {Association for Computational Linguistics},
  review = {For the PCFG parser of Stanford Parser}
}

@article{giunchiglia2008concept,
  title={Concept Search: Semantics Enabled Syntactic Search},
  author={Giunchiglia, Fausto and Kharkevich, Uladzimir and Zaihrayeu, Ilya},
  journal={Semantic Search},
  pages={109},
  year={2008},
  publisher={Citeseer}
}

@INPROCEEDINGS{bendersky2008discovering,
  author = {Bendersky, Michael and Croft, W Bruce},
  title = {Discovering key concepts in verbose queries},
  booktitle = {Proceedings of the 31st annual international ACM SIGIR conference
	on Research and development in information retrieval},
  year = {2008},
  pages = {491--498},
  organization = {ACM}
}

@INPROCEEDINGS{zhang2006mining,
  author = {Zhang, Zhiyong and Nasraoui, Olfa},
  title = {Mining search engine query logs for query recommendation},
  booktitle = {Proceedings of the 15th WWW},
  year = {2006},
  pages = {1039--1040},
  organization = {ACM}
}

@INPROCEEDINGS{baeza2005query,
  author = {Baeza-Yates, Ricardo and Hurtado, Carlos and Mendoza, Marcelo},
  title = {Query recommendation using query logs in search engines},
  booktitle = {EDBT 2004 Workshops},
  year = {2005},
  pages = {588--596},
  organization = {Springer}
}

@incollection{wang2012concept,
  title={Concept-based web search},
  author={Wang, Yue and Li, Hongsong and Wang, Haixun and Zhu, Kenny Q},
  booktitle={Conceptual Modeling},
  pages={449--462},
  year={2012},
  publisher={Springer}
}

@INPROCEEDINGS{cao2008context,
  author = {Cao, Huanhuan and Jiang, Daxin and Pei, Jian and He, Qi and Liao,
	Zhen and Chen, Enhong and Li, Hang},
  title = {Context-aware query suggestion by mining click-through and session
	data},
  booktitle = {Proceedings of the 14th ACM SIGKDD},
  year = {2008},
  pages = {875--883},
  organization = {ACM}
}
@INPROCEEDINGS{baeza2007extracting,
  author = {Baeza-Yates, Ricardo and Tiberi, Alessandro},
  title = {Extracting semantic relations from query logs},
  booktitle = {Proceedings of ACM SIGKDD},
  year = {2007},
  pages = {76--85},
  organization = {ACM},
  file = {:baeza2007extracting.pdf:PDF}
}

@inproceedings{dupret2005recommending,
  title={Recommending better queries from click-through data},
  author={Dupret, Georges and Mendoza, Marcelo},
  booktitle={String Processing and Information Retrieval},
  pages={41--44},
  year={2005},
  organization={Springer}
}

@inproceedings{MeijBHHR09,
  author    = {Edgar Meij and
               Marc Bron and
               Laura Hollink and
               Bouke Huurnink and
               Maarten de Rijke},
  title     = {Learning Semantic Query Suggestions},
  booktitle = {International Semantic Web Conference},
  year      = {2009},
  pages     = {424-440}
}

@inproceedings{BhatiaMM11,
  author    = {Sumit Bhatia and
               Debapriyo Majumdar and
               Prasenjit Mitra},
  title     = {Query suggestions in the absence of query logs},
  booktitle = {SIGIR},
  year      = {2011},
  pages     = {795-804}
}
