@article{DBLP:journals/jsemantics/AllwoodNA92,
  author    = {Jens Allwood and
               Joakim Nivre and
               Elisabeth Ahls{\'{e}}n},
  title     = {On the Semantics and Pragmatics of Linguistic Feedback},
  journal   = {J. Semantics},
  year      = {1992}
}

@inproceedings{DBLP:conf/naacl/DevlinCLT19,
  author    = {Jacob Devlin and
               Ming{-}Wei Chang and
               Kenton Lee and
               Kristina Toutanova},
  title     = {{BERT:} Pre-training of Deep Bidirectional Transformers for Language Understanding},
  booktitle = {Proceedings of the 2019 Conference of the North American Chapter of
               the Association for Computational Linguistics: Human Language Technologies,
               {NAACL-HLT} 2019, Minneapolis, MN, USA, June 2-7, 2019, Volume 1 (Long
               and Short Papers)},
  year      = {2019}
}

@article{DBLP:journals/corr/abs-1904-08398,
  author    = {Ashutosh Adhikari and
               Achyudh Ram and
               Raphael Tang and
               Jimmy Lin},
  title     = {DocBERT: {BERT} for Document Classification},
  journal   = {CoRR},
  year      = {2019}
}

@inproceedings{DBLP:conf/acl/DaumeR18,
  author    = {Sudha Rao and
               Hal Daum{\'{e}} III},
  title     = {Learning to Ask Good Questions: Ranking Clarification Questions using
               Neural Expected Value of Perfect Information},
  booktitle = {Proceedings of the 56th Annual Meeting of the Association for Computational
               Linguistics, {ACL} 2018, Melbourne, Australia, July 15-20, 2018, Volume
               1: Long Papers},
  year      = {2018}
} 

@inproceedings{DBLP:conf/acl/KleinKDSR17,
  author    = {Guillaume Klein and
               Yoon Kim and
               Yuntian Deng and
               Jean Senellart and
               Alexander M. Rush},
  title     = {OpenNMT: Open-Source Toolkit for Neural Machine Translation},
  booktitle = {Proceedings of the 55th Annual Meeting of the Association for Computational
               Linguistics, {ACL} 2017, Vancouver, Canada, July 30 - August 4, System
               Demonstrations},
  year      = {2017}
}

@inproceedings{DBLP:conf/emnlp/DuanTCZ17,
  author    = {Nan Duan and
               Duyu Tang and
               Peng Chen and
               Ming Zhou},
  title     = {Question Generation for Question Answering},
  booktitle = {Proceedings of the 2017 Conference on Empirical Methods in Natural
               Language Processing, {EMNLP} 2017, Copenhagen, Denmark, September
               9-11, 2017},
  year      = {2017}
}

@inproceedings{DBLP:conf/naacl/HeilmanS10,
  author    = {Michael Heilman and
               Noah A. Smith},
  title     = {Good Question! Statistical Ranking for Question Generation},
  booktitle = {Human Language Technologies: Conference of the North American Chapter
               of the Association of Computational Linguistics, Proceedings, June
               2-4, 2010, Los Angeles, California, {USA}},
  year      = {2010},
}

@inproceedings{DBLP:conf/nlpcc/ZhouYWTBZ17,
  author    = {Qingyu Zhou and
               Nan Yang and
               Furu Wei and
               Chuanqi Tan and
               Hangbo Bao and
               Ming Zhou},
  title     = {Neural Question Generation from Text: {A} Preliminary Study},
  booktitle = {Natural Language Processing and Chinese Computing - 6th {CCF} International
               Conference, {NLPCC} 2017, Dalian, China, November 8-12, 2017, Proceedings},
  year      = {2017}
}

@inproceedings{DBLP:conf/ecir/TrienesB19,
  author    = {Jan Trienes and
               Krisztian Balog},
  title     = {Identifying Unclear Questions in Community Question Answering Websites},
  booktitle = {Advances in Information Retrieval - 41st European Conference on {IR}
               Research, {ECIR} 2019, Cologne, Germany, April 14-18, 2019, Proceedings,
               Part {I}},
  year      = {2019}
}

@inproceedings{DBLP:conf/naacl/RaoD19,
  author    = {Sudha Rao and
               Hal Daum{\'{e}} III},
  title     = {Answer-based Adversarial Training for Generating Clarification Questions},
  booktitle = {Proceedings of the 2019 Conference of the North American Chapter of
               the Association for Computational Linguistics: Human Language Technologies,
               {NAACL-HLT} 2019, Minneapolis, MN, USA, June 2-7, 2019, Volume 1 (Long
               and Short Papers)},
  year      = {2019}
}

@inproceedings{DBLP:conf/naacl/BoniM03,
  author    = {Marco De Boni and
               Suresh Manandhar},
  title     = {An Analysis of Clarification Dialogue for Question Answering},
  booktitle = {Human Language Technology Conference of the North American Chapter
               of the Association for Computational Linguistics, {HLT-NAACL} 2003,
               Edmonton, Canada, May 27 - June 1, 2003},
  year      = {2003}
}

@article{DBLP:journals/nle/BoniM05,
  author    = {Marco De Boni and
               Suresh Manandhar},
  title     = {Implementing clarification dialogues in open domain question answering},
  journal   = {Nat. Lang. Eng.},
  year      = {2005}
}

@inproceedings{DBLP:conf/acl/ShangLL15,
  author    = {Lifeng Shang and
               Zhengdong Lu and
               Hang Li},
  title     = {Neural Responding Machine for Short-Text Conversation},
  booktitle = {Proceedings of the 53rd Annual Meeting of the Association for Computational
               Linguistics and the 7th International Joint Conference on Natural
               Language Processing of the Asian Federation of Natural Language Processing,
               {ACL} 2015, July 26-31, 2015, Beijing, China, Volume 1: Long Papers},
  year      = {2015}
}

@inproceedings{DBLP:conf/acl/QiuLBZY19,
  author    = {Lisong Qiu and
               Juntao Li and
               Wei Bi and
               Dongyan Zhao and
               Rui Yan},
  title     = {Are Training Samples Correlated? Learning to Generate Dialogue Responses
               with Multiple References},
  booktitle = {Proceedings of the 57th Conference of the Association for Computational
               Linguistics, {ACL} 2019, Florence, Italy, July 28- August 2, 2019,
               Volume 1: Long Papers},
  year      = {2019}
}

@inproceedings{DBLP:conf/aaai/SerbanSLCPCB17,
  author    = {Iulian Vlad Serban and
               Alessandro Sordoni and
               Ryan Lowe and
               Laurent Charlin and
               Joelle Pineau and
               Aaron C. Courville and
               Yoshua Bengio},
  title     = {A Hierarchical Latent Variable Encoder-Decoder Model for Generating
               Dialogues},
  booktitle = {Proceedings of the Thirty-First {AAAI} Conference on Artificial Intelligence,
               February 4-9, 2017, San Francisco, California, {USA}},
  year      = {2017}
}

@inproceedings{li-etal-2017-adversarial,
    title = "Adversarial Learning for Neural Dialogue Generation",
    author = "Li, Jiwei  and
      Monroe, Will  and
      Shi, Tianlin  and
      Jean, S{\'e}bastien  and
      Ritter, Alan  and
      Jurafsky, Dan",
    booktitle = "Proceedings of the 2017 Conference on Empirical Methods in Natural Language Processing",
    year = "2017"
}

@inproceedings{DBLP:conf/sigir/AliannejadiZCC19,
  author    = {Mohammad Aliannejadi and
               Hamed Zamani and
               Fabio Crestani and
               W. Bruce Croft},
  title     = {Asking Clarifying Questions in Open-Domain Information-Seeking Conversations},
  booktitle = {Proceedings of the 42nd International {ACM} {SIGIR} Conference on
               Research and Development in Information Retrieval, {SIGIR} 2019, Paris,
               France, July 21-25, 2019},
  year      = {2019}
}

@article{DBLP:journals/corr/abs-1804-08759,
  author    = {Chen Qu and
               Liu Yang and
               W. Bruce Croft and
               Johanne R. Trippas and
               Yongfeng Zhang and
               Minghui Qiu},
  title     = {Analyzing and Characterizing User Intent in Information-seeking Conversations},
  journal   = {CoRR},
  year      = {2018}
}


@inproceedings{DBLP:conf/chiir/BraslavskiSAD17,
  author    = {Pavel Braslavski and
               Denis Savenkov and
               Eugene Agichtein and
               Alina Dubatovka},
  title     = {What Do You Mean Exactly?: Analyzing Clarification Questions in {CQA}},
  booktitle = {Proceedings of the 2017 Conference on Conference Human Information
               Interaction and Retrieval, {CHIIR} 2017, Oslo, Norway, March 7-11,
               2017},
  year      = {2017}
}

@inproceedings{DBLP:conf/cikm/ZhangCA0C18,
  author    = {Yongfeng Zhang and
               Xu Chen and
               Qingyao Ai and
               Liu Yang and
               W. Bruce Croft},
  title     = {Towards Conversational Search and Recommendation: System Ask, User
               Respond},
  booktitle = {Proceedings of the 27th {ACM} International Conference on Information
               and Knowledge Management, {CIKM} 2018, Torino, Italy, October 22-26,
               2018},
  year      = {2018}
}

@inproceedings{DBLP:conf/kdd/Christakopoulou16,
  author    = {Konstantina Christakopoulou and
               Filip Radlinski and
               Katja Hofmann},
  title     = {Towards Conversational Recommender Systems},
  booktitle = {Proceedings of the 22nd {ACM} {SIGKDD} International Conference on
               Knowledge Discovery and Data Mining, San Francisco, CA, USA, August
               13-17, 2016},
  year      = {2016}
}

@inproceedings{DBLP:conf/sigir/SunZ18,
  author    = {Yueming Sun and
               Yi Zhang},
  title     = {Conversational Recommender System},
  booktitle = {The 41st International {ACM} {SIGIR} Conference on Research {\&}
               Development in Information Retrieval, {SIGIR} 2018, Ann Arbor, MI,
               USA, July 08-12, 2018},
  year      = {2018}
}

@inproceedings{DBLP:conf/emnlp/Kim14,
  author    = {Yoon Kim},
  title     = {Convolutional Neural Networks for Sentence Classification},
  booktitle = {Proceedings of the 2014 Conference on Empirical Methods in Natural
               Language Processing, {EMNLP} 2014, October 25-29, 2014, Doha, Qatar,
               {A} meeting of SIGDAT, a Special Interest Group of the {ACL}},
  year      = {2014}
}

@inproceedings{DBLP:conf/aaai/LaiXLZ15,
  author    = {Siwei Lai and
               Liheng Xu and
               Kang Liu and
               Jun Zhao},
  title     = {Recurrent Convolutional Neural Networks for Text Classification},
  booktitle = {Proceedings of the Twenty-Ninth {AAAI} Conference on Artificial Intelligence,
               January 25-30, 2015, Austin, Texas, {USA}},
  year      = {2015}
}

@inproceedings{DBLP:journals/corr/BahdanauCB14,
  author    = {Dzmitry Bahdanau and
               Kyunghyun Cho and
               Yoshua Bengio},
  title     = {Neural Machine Translation by Jointly Learning to Align and Translate},
  booktitle = {3rd International Conference on Learning Representations, {ICLR} 2015,
               San Diego, CA, USA, May 7-9, 2015, Conference Track Proceedings},
  year      = {2015}
}

@inproceedings{DBLP:conf/nips/SutskeverVL14,
  author    = {Ilya Sutskever and
               Oriol Vinyals and
               Quoc V. Le},
  title     = {Sequence to Sequence Learning with Neural Networks},
  booktitle = {Advances in Neural Information Processing Systems 27: Annual Conference
               on Neural Information Processing Systems 2014, December 8-13 2014,
               Montreal, Quebec, Canada},
  year      = {2014}
}
    
    
    


