% This file was created with JabRef 2.7.2.
% Encoding: GBK

@INPROCEEDINGS{DBLP:conf/nips/CollinsD01,
  author = {Michael Collins and Nigel Duffy},
  title = {Convolution Kernels for Natural Language},
  booktitle = {NIPS},
  year = {2001},
  pages = {625-632},
  bibsource = {DBLP, http://dblp.uni-trier.de},
  crossref = {DBLP:conf/nips/2001},
  ee = {http://www-2.cs.cmu.edu/Groups/NIPS/NIPS2001/papers/psgz/AA58.ps.gz}
}

@INPROCEEDINGS{DBLP:conf/aaai/Riloff96,
  author = {Ellen Riloff},
  title = {Automatically Generating Extraction Patterns from Untagged Text},
  booktitle = {AAAI/IAAI, Vol. 2},
  year = {1996},
  pages = {1044-1049},
  bibsource = {DBLP, http://dblp.uni-trier.de},
  crossref = {DBLP:conf/aaai/1996-2}
}

@INPROCEEDINGS{DBLP:conf/nips/ViswanathanS02,
  author = {S. V. N. Vishwanathan and Alexander J. Smola},
  title = {Fast Kernels for String and Tree Matching},
  booktitle = {NIPS},
  year = {2002},
  pages = {569-576},
  bibsource = {DBLP, http://dblp.uni-trier.de},
  crossref = {DBLP:conf/nips/2002},
  ee = {http://books.nips.cc/papers/files/nips15/AA11.pdf}
}

@ARTICLE{Agichtein.Gravano:2000,
  author = {Agichtein,E. and Gravano,L.},
  title = {{Snowball: Extracting relations from large plain-text collections.}},
  journal = { Proc. 5th ACM International Conference on Digital Libraries.},
  year = {2000},
  pages = {85--94}
}

@ARTICLE{Bader.ea:2003,
  author = {Bader,G.D. and Betel,D. and Hogue,C.W.},
  title = {{BIND: the Biomolecular Interaction Network Database.}},
  journal = { Nucleic Acids Res.},
  year = {2003},
  volume = {31},
  pages = {248--250}
}

@ARTICLE{DBLP:journals/bioinformatics/ChowdharyZL09,
  author = {Rajesh Chowdhary and Jinfeng Zhang and Jun S. Liu},
  title = {Bayesian inference of protein-protein interactions from biological
	literature},
  journal = {Bioinformatics},
  year = {2009},
  volume = {25},
  pages = {1536-1542},
  number = {12},
  bibsource = {DBLP, http://dblp.uni-trier.de},
  ee = {http://dx.doi.org/10.1093/bioinformatics/btp245}
}

@ARTICLE{geneontology04,
  author = {The Gene Ontology Consortium},
  title = {The gene ontology (GO) database and informatics resource},
  journal = {Nucleic Acids Research},
  year = {2004},
  volume = {32},
  pages = {D258-D261},
  owner = {yuelai},
  timestamp = {2012.06.13}
}

@ARTICLE{DBLP:journals/advcs/Corominas-MurtraVS09,
  author = {Bernat Corominas-Murtra and Sergi Valverde and Ricard V. Sol{\'e}},
  title = {The Ontogeny of Scale-Free Syntax Networks: Phase Transitions in
	Early Language Acquisition},
  journal = {Advances in Complex Systems},
  year = {2009},
  volume = {12},
  pages = {371-392},
  number = {3},
  bibsource = {DBLP, http://dblp.uni-trier.de},
  ee = {http://dx.doi.org/10.1142/S0219525909002192}
}

@ARTICLE{DBLP:journals/bmcbi/FrohlichSPB07,
  author = {Holger Fr{\"o}hlich and Nora Speer and Annemarie Poustka and Tim
	Bei{\ss}barth},
  title = {GOSim - an R-package for computation of information theoretic GO
	similarities between terms and gene products},
  journal = {BMC Bioinformatics},
  year = {2007},
  volume = {8},
  bibsource = {DBLP, http://dblp.uni-trier.de},
  ee = {http://dx.doi.org/10.1186/1471-2105-8-166}
}

@ARTICLE{Hoffmann.Krallinger.ea:2005,
  author = {Hoffmann,R. and Krallinger,M. and Andres,E. and Tamames,J. and Blaschke,C.
	and Valencia,A.},
  title = {Text mining for metabolic pathways, signaling cascades, and protein
	networks.},
  journal = {Sci STKE},
  year = {2005},
  volume = {283},
  pages = {pe21}
}

@ARTICLE{Ideker.Sharan.08,
  author = {Trey Ideker and Roded Sharan},
  title = {Protein networks in disease},
  journal = {Genome Research},
  year = {2008},
  volume = {18},
  pages = {644-652},
  owner = {yuelai},
  timestamp = {2012.06.09}
}

@ARTICLE{,
  author = {Jorg Hakenberg, Conrad Plake, Loic Royer, Hendrik Strobelt, Ulf Leser
	and Michael Schroeder},
  title = {Gene mention normalization and interaction extraction with context
	models and sentence motifs},
  journal = {Genome Biology},
  year = {2008},
  volume = {9},
  pages = {S14},
  owner = {yuelai},
  timestamp = {2012.06.09}
}

@ARTICLE{Kuboyama07,
  author = {Kuboyama T, Hirata K, Kashima H, Aoki-Kinoshita KF, Yasuda H},
  title = {A spectrum tree kernel},
  journal = {Information and Media Technologies},
  year = {2007},
  volume = {2},
  pages = {292¨C299},
  owner = {yuelai},
  timestamp = {2012.06.12}
}

@ARTICLE{Spirin.Mirny.03,
  author = {Victor Spirin and Leonid A. Mirny},
  title = {Protein complexes and functional modules in molecular networks},
  journal = {PNAS},
  year = {2003},
  owner = {yuelai},
  timestamp = {2012.06.09}
}

@ARTICLE{DBLP:journals/nar/StarkBRBBT06,
  author = {Chris Stark and Bobby-Joe Breitkreutz and Teresa Reguly and Lorrie
	Boucher and Ashton Breitkreutz and Mike Tyers},
  title = {BioGRID: a general repository for interaction datasets},
  journal = {Nucleic Acids Research},
  year = {2006},
  volume = {34},
  pages = {535-539},
  number = {Database-Issue},
  bibsource = {DBLP, http://dblp.uni-trier.de},
  ee = {http://dx.doi.org/10.1093/nar/gkj109}
}

@ARTICLE{Temkin03Interactionword,
  author = {Temkin JM, Gilder MR},
  title = {Extraction of protein interaction information from unstructured text
	using a context-free grammar},
  journal = {Bioinformatics},
  year = {2003},
  volume = {19},
  pages = {2046¨C2053},
  owner = {yuelai},
  timestamp = {2012.06.13}
}

@ARTICLE{DBLP:journals/bioinformatics/TemkinG03,
  author = {Joshua M. Temkin and Mark R. Gilder},
  title = {Extraction of protein interaction information from unstructured text
	using a context-free grammar},
  journal = {Bioinformatics},
  year = {2003},
  volume = {19},
  pages = {2046-2053},
  number = {16},
  bibsource = {DBLP, http://dblp.uni-trier.de},
  ee = {http://dx.doi.org/10.1093/bioinformatics/btg279}
}

@ARTICLE{DBLP:journals/ploscb/TikkTPHL10,
  author = {Domonkos Tikk and Philippe Thomas and Peter Palaga and J{\"o}rg Hakenberg
	and Ulf Leser},
  title = {A Comprehensive Benchmark of Kernel Methods to Extract Protein-Protein
	Interactions from Literature},
  journal = {PLoS Computational Biology},
  year = {2010},
  volume = {6},
  number = {7},
  bibsource = {DBLP, http://dblp.uni-trier.de},
  ee = {http://dx.doi.org/10.1371/journal.pcbi.1000837}
}

@ARTICLE{DBLP:journals/bib/WinnenburgWPDS08,
  author = {Rainer Winnenburg and Thomas W{\"a}chter and Conrad Plake and Andreas
	Doms and Michael Schroeder},
  title = {Facts from text: can text mining help to scale-up high-quality manual
	curation of gene products with ontologies?},
  journal = {Briefings in Bioinformatics},
  year = {2008},
  volume = {9},
  pages = {466-478},
  number = {6},
  bibsource = {DBLP, http://dblp.uni-trier.de},
  ee = {http://dx.doi.org/10.1093/bib/bbn043}
}

@ARTICLE{DBLP:journals/bioinformatics/HaoZHL05,
  author = {Hao Yu and Xiaoyan Zhu and Minlie Huang and Ming Li},
  title = {Discovering patterns to extract protein-protein interactions from
	the literature: Part II},
  journal = {Bioinformatics},
  year = {2005},
  volume = {21},
  pages = {3294-3300},
  number = {15},
  bibsource = {DBLP, http://dblp.uni-trier.de},
  ee = {http://dx.doi.org/10.1093/bioinformatics/bti493}
}

@ARTICLE{Zanzoni.Montecchi-Palazzi.ea:2002,
  author = {Zanzoni,A. Montecchi-Palazzi,L. and Quondam,M. and Ausiello,G. and
	Helmer-Citterich,M. and Cesareni,G.},
  title = {{MINT: a Molecular INTeraction database.}},
  journal = {FEBS Lett},
  year = {2002},
  volume = {513},
  pages = {135--140}
}

@comment{jabref-meta: selector_review:}

@comment{jabref-meta: selector_publisher:}

@comment{jabref-meta: selector_author:}

@comment{jabref-meta: selector_journal:}

@comment{jabref-meta: selector_keywords:}

