@inproceedings{rendle2009bpr,
  title={BPR: Bayesian personalized ranking from implicit feedback},
  author={Rendle, Steffen and Freudenthaler, Christoph and Gantner, Zeno and Schmidt-Thieme, Lars},
  booktitle={UAI},
  year={2009}
}

@inproceedings{song2014adapting,
	title={Adapting deep ranknet for personalized search},
	author={Song, Yang and Wang, Hongning and He, Xiaodong},
	booktitle={WSDM},
	year={2014}
}

@inproceedings{burges2005learning,
	title={Learning to rank using gradient descent},
	author={Burges, Chris and Shaked, Tal and Renshaw, Erin and Lazier, Ari and Deeds, Matt and Hamilton, Nicole and Hullender, Greg},
	booktitle={ICML},
	year={2005}
}

@inproceedings{ai2018learning,
	title={Learning a Deep Listwise Context Model for Ranking Refinement},
	author={Ai, Qingyao and Bi, Keping and Guo, Jiafeng and Croft, W Bruce},
	booktitle={arXiv},
	year={2018}
}

@inproceedings{velickovic2017graph,
	title={Graph attention networks},
	author={Velickovic, Petar and Cucurull, Guillem and Casanova, Arantxa and Romero, Adriana and Lio, Pietro and Bengio, Yoshua},
	booktitle={arXiv},
	year={2017}
}

@inproceedings{wang2017irgan,
	title={Irgan: A minimax game for unifying generative and discriminative information retrieval models},
	author={Wang, Jun and Yu, Lantao and Zhang, Weinan and Gong, Yu and Xu, Yinghui and Wang, Benyou and Zhang, Peng and Zhang, Dell},
	booktitle={SIGIR},
	year={2017}
}

@inproceedings{he2018adversarial,
	title={Adversarial personalized ranking for recommendation},
	author={He, Xiangnan and He, Zhankui and Du, Xiaoyu and Chua, Tat-Seng},
	booktitle={SIGIR},
	year={2018}
}

@inproceedings{vaswani2017attention,
	title={Attention is all you need},
	author={Vaswani, Ashish and Shazeer, Noam and Parmar, Niki and Uszkoreit, Jakob and Jones, Llion and Gomez, Aidan N and Kaiser, {\L}ukasz and Polosukhin, Illia},
	booktitle={NIPS},
	year={2017}
}

@inproceedings{schaal1997learning,
	title={Learning from demonstration},
	author={Schaal, Stefan},
	booktitle={NIPS},
	year={1997}
}

@inproceedings{torabi2018behavioral,
	title={Behavioral Cloning from Observation},
	author={Torabi, Faraz and Warnell, Garrett and Stone, Peter},
	booktitle={arXiv},
	year={2018}
}

@article{deshpande2004item,
	title={Item-based top-n recommendation algorithms},
	author={Deshpande, Mukund and Karypis, George},
	journal={TOIS},
	year={2004}
}

@inproceedings{cremonesi2010performance,
	title={Performance of recommender algorithms on top-n recommendation tasks},
	author={Cremonesi, Paolo and Koren, Yehuda and Turrin, Roberto},
	booktitle={RecSys},
	pages={39--46},
	year={2010}
}

@article{koren2009matrix,
	title={Matrix factorization techniques for recommender systems},
	author={Koren, Yehuda and Bell, Robert and Volinsky, Chris},
	journal={Computer},
	year={2009},
	publisher={IEEE}
}

@article{pardalos1994maximum,
	title={The maximum clique problem},
	author={Pardalos, Panos M and Xue, Jue},
	journal={Journal of global Optimization},
	year={1994},
	publisher={Springer}
}

@inproceedings{vinyals2015pointer,
	title={Pointer networks},
	author={Vinyals, Oriol and Fortunato, Meire and Jaitly, Navdeep},
	booktitle={NIPS},
	year={2015}
}

@inproceedings{bahdanau2014neural,
	title={Neural machine translation by jointly learning to align and translate},
	author={Bahdanau, Dzmitry and Cho, Kyunghyun and Bengio, Yoshua},
	booktitle={arXiv},
	year={2014}
}

@inproceedings{sutton2000policy,
	title={Policy gradient methods for reinforcement learning with function approximation},
	author={Sutton, Richard S and McAllester, David A and Singh, Satinder P and Mansour, Yishay},
	booktitle={NIPS},
	year={2000}
}

@inproceedings{sutskever2014sequence,
	title={Sequence to sequence learning with neural networks},
	author={Sutskever, Ilya and Vinyals, Oriol and Le, Quoc V},
	booktitle={NIPS},
	year={2014}
}

@inproceedings{yang2018query,
	title={Query Tracking for E-commerce Conversational Search: A Machine Comprehension Perspective},
	author={Yang, Yunlun and Gong, Yu and Chen, Xi},
	booktitle={CIKM},
	year={2018}
}

@inproceedings{he2016deep,
	title={Deep residual learning for image recognition},
	author={He, Kaiming and Zhang, Xiangyu and Ren, Shaoqing and Sun, Jian},
	booktitle={CVPR},
	year={2016}
}

@inproceedings{ioffe2015batch,
	title={Batch normalization: Accelerating deep network training by reducing internal covariate shift},
	author={Ioffe, Sergey and Szegedy, Christian},
	booktitle={arXiv},
	year={2015}
}

@inproceedings{ba2016layer,
	title={Layer normalization},
	author={Ba, Jimmy Lei and Kiros, Jamie Ryan and Hinton, Geoffrey E},
	booktitle={arXiv},
	year={2016}
}

@inproceedings{luong2015effective,
	title={Effective approaches to attention-based neural machine translation},
	author={Luong, Minh-Thang and Pham, Hieu and Manning, Christopher D},
	booktitle={arXiv},
	year={2015}
}

@inproceedings{bengio2015scheduled,
	title={Scheduled sampling for sequence prediction with recurrent neural networks},
	author={Bengio, Samy and Vinyals, Oriol and Jaitly, Navdeep and Shazeer, Noam},
	booktitle={NIPS},
	year={2015}
}

@inproceedings{vinyals2015show,
	title={Show and tell: A neural image caption generator},
	author={Vinyals, Oriol and Toshev, Alexander and Bengio, Samy and Erhan, Dumitru},
	booktitle={CVPR},
	year={2015}
}

@inproceedings{abbeel2004apprenticeship,
	title={Apprenticeship learning via inverse reinforcement learning},
	author={Abbeel, Pieter and Ng, Andrew Y},
	booktitle={ICML},
	year={2004}
}

@inproceedings{qu2016product,
	title={Product-based neural networks for user response prediction},
	author={Qu, Yanru and Cai, Han and Ren, Kan and Zhang, Weinan and Yu, Yong and Wen, Ying and Wang, Jun},
	booktitle={ICDM},
	year={2016}
}

@inproceedings{yu2017seqgan,
	title={SeqGAN: Sequence Generative Adversarial Nets with Policy Gradient.},
	author={Yu, Lantao and Zhang, Weinan and Wang, Jun and Yu, Yong},
	booktitle={AAAI},
	year={2017}
}

@article{hochreiter1997long,
	title={Long short-term memory},
	author={Hochreiter, Sepp and Schmidhuber, J{\"u}rgen},
	journal={Neural computation},
	year={1997},
	publisher={MIT Press}
}

@inproceedings{hu2018multi,
	title={A Multi-task Selected Learning Approach for Solving New Type 3D Bin Packing Problem},
	author={Hu, Haoyuan and Duan, Lu and Zhang, Xiaodong and Xu, Yinghui and Wei, Jiangwen},
	booktitle={arXiv},
	year={2018}
}

@article{smith1999neural,
	title={Neural networks for combinatorial optimization: a review of more than a decade of research},
	author={Smith, Kate A},
	journal={INFORMS Journal on Computing},
	year={1999},
	publisher={INFORMS}
}

@article{silver2004overview,
	title={An overview of heuristic solution methods},
	author={Silver, Edward Allen},
	journal={Journal of the operational research society},
	year={2004},
	publisher={Taylor \& Francis}
}

@article{silver2016mastering,
	title={Mastering the game of Go with deep neural networks and tree search},
	author={Silver, David and Huang, Aja and Maddison, Chris J and Guez, Arthur and Sifre, Laurent and Van Den Driessche, George and Schrittwieser, Julian and Antonoglou, Ioannis and Panneershelvam, Veda and Lanctot, Marc and others},
	journal={nature},
	year={2016},
	publisher={Nature Research}
}

@inproceedings{bello2016neural,
	title={Neural Combinatorial Optimization with Reinforcement Learning},
	author={Bello, Irwan and Pham, Hieu and Le, Quoc V and Norouzi, Mohammad and Bengio, Samy},
	booktitle={arXiv},
	year={2016}
}

@inproceedings{kool2018attention,
	title={Attention Solves Your TSP},
	author={Kool, WWM and Welling, M},
	booktitle={arXiv},
	year={2018}
}

@inproceedings{khalil2017learning,
	title={Learning combinatorial optimization algorithms over graphs},
	author={Khalil, Elias and Dai, Hanjun and Zhang, Yuyu and Dilkina, Bistra and Song, Le},
	booktitle={NIPS},
	year={2017}
}

@inproceedings{Ion2011Image,
	title={Image segmentation by figure-ground composition into maximal cliques},
	author={Ion, Adrian and Carreira, Jo√£o and Sminchisescu, Cristian},
	booktitle={ICCV},
	year={2011},
}

@inproceedings{chung2014empirical,
	title={Empirical evaluation of gated recurrent neural networks on sequence modeling},
	author={Chung, Junyoung and Gulcehre, Caglar and Cho, KyungHyun and Bengio, Yoshua},
	booktitle={arXiv},
	year={2014}
}

@inproceedings{cossock2006subset,
	title={Subset ranking using regression},
	author={Cossock, David and Zhang, Tong},
	booktitle={COLT},
	year={2006},
	organization={Springer}
}

@inproceedings{li2008mcrank,
	title={Mcrank: Learning to rank using multiple classification and gradient boosting},
	author={Li, Ping and Wu, Qiang and Burges, Christopher J},
	booktitle={NIPS},
	pages={897--904},
	year={2008}
}

@inproceedings{crammer2002pranking,
	title={Pranking with ranking},
	author={Crammer, Koby and Singer, Yoram},
	booktitle={NIPS},
	year={2002}
}

@inproceedings{shashua2003ranking,
	title={Ranking with large margin principle: Two approaches},
	author={Shashua, Amnon and Levin, Anat},
	booktitle={NIPS},
	year={2003}
}

@inproceedings{he2017neural,
	title={Neural collaborative filtering},
	author={He, Xiangnan and Liao, Lizi and Zhang, Hanwang and Nie, Liqiang and Hu, Xia and Chua, Tat-Seng},
	booktitle={WWW},
	year={2017}
}

@article{marzal1993computation,
	title={Computation of normalized edit distance and applications},
	author={Marzal, Andres and Vidal, Enrique},
	journal={PAMI},
	year={1993},
	publisher={IEEE}
}

@inproceedings{kingma2014adam,
	title={Adam: A method for stochastic optimization},
	author={Kingma, Diederik P and Ba, Jimmy},
	booktitle={arXiv},
	year={2014}
}

@inproceedings{mnih2013playing,
	title={Playing atari with deep reinforcement learning},
	author={Mnih, Volodymyr and Kavukcuoglu, Koray and Silver, David and Graves, Alex and Antonoglou, Ioannis and Wierstra, Daan and Riedmiller, Martin},
	booktitle={arXiv},
	year={2013}
}

@inproceedings{bello2018seq2slate,
	title={Seq2Slate: Re-ranking and Slate Optimization with RNNs},
	author={Bello, Irwan and Kulkarni, Sayali and Jain, Sagar and Boutilier, Craig and Chi, Ed and Eban, Elad and Luo, Xiyang and Mackey, Alan and Meshi, Ofer},
	booktitle={arXiv},
	year={2018}
}

@inproceedings{jiang2018beyond,
	title={Beyond Greedy Ranking: Slate Optimization via List-CVAE},
	author={Jiang, Ray and Gowal, Sven and Qian, Yuqiu and Mann, Timothy and Rezende, Danilo J},
	booktitle={arXiv},
	year={2018}
}

@inproceedings{xia2017adapting,
	title={Adapting Markov decision process for search result diversification},
	author={Xia, Long and Xu, Jun and Lan, Yanyan and Guo, Jiafeng and Zeng, Wei and Cheng, Xueqi},
	booktitle={SIGIR},
	year={2017}
}

@inproceedings{nair2018overcoming,
	title={Overcoming exploration in reinforcement learning with demonstrations},
	author={Nair, Ashvin and McGrew, Bob and Andrychowicz, Marcin and Zaremba, Wojciech and Abbeel, Pieter},
	booktitle={ICRA},
	year={2018}
}

@inproceedings{jin2008ranking,
	title={Ranking refinement and its application to information retrieval},
	author={Jin, Rong and Valizadegan, Hamed and Li, Hang},
	booktitle={WWW},
	year={2008}
}

@inproceedings{swaminathan2017off,
	title={Off-policy evaluation for slate recommendation},
	author={Swaminathan, Adith and Krishnamurthy, Akshay and Agarwal, Alekh and Dudik, Miro and Langford, John and Jose, Damien and Zitouni, Imed},
	booktitle={NIPS},
	year={2017}
}

@inproceedings{hu2018reinforcement,
	title={Reinforcement Learning to Rank in E-Commerce Search Engine: Formalization},
	author={Hu, Yujing and Da, Qing and Zeng, Anxiang and Yu, Yang and Xu, Yinghui},
	booktitle={SIGKDD},
	year={2018}
}

@inproceedings{wei2017reinforcement,
	title={Reinforcement learning to rank with Markov decision process},
	author={Wei, Zeng and Xu, Jun and Lan, Yanyan and Guo, Jiafeng and Cheng, Xueqi},
	booktitle={SIGIR},
	year={2017}
}

@inproceedings{zhao2018deep,
	title={Deep Reinforcement Learning for Page-wise Recommendations},
	author={Zhao, Xiangyu and Xia, Long and Zhang, Liang and Ding, Zhuoye and Yin, Dawei and Tang, Jiliang},
	booktitle={arXiv},
	year={2018}
}

@inproceedings{chen2018top,
	title={Top-K Off-Policy Correction for a REINFORCE Recommender System},
	author={Chen, Minmin and Beutel, Alex and Covington, Paul and Jain, Sagar and Belletti, Francois and Chi, Ed},
	booktitle={arXiv},
	year={2018}
}

@inproceedings{zheng2018drn,
	title={DRN: A Deep Reinforcement Learning Framework for News Recommendation},
	author={Zheng, Guanjie and Zhang, Fuzheng and Zheng, Zihan and Xiang, Yang and Yuan, Nicholas Jing and Xie, Xing and Li, Zhenhui},
	booktitle={WWW},
	year={2018}
}

@inproceedings{vinyals2015order,
	title={Order matters: Sequence to sequence for sets},
	author={Vinyals, Oriol and Bengio, Samy and Kudlur, Manjunath},
	booktitle={arXiv},
	year={2015}
}

@inproceedings{goodfellow2014generative,
	title={Generative adversarial nets},
	author={Goodfellow, Ian and Pouget-Abadie, Jean and Mirza, Mehdi and Xu, Bing and Warde-Farley, David and Ozair, Sherjil and Courville, Aaron and Bengio, Yoshua},
	booktitle={NIPS},
	year={2014}
}