@inproceedings{TanWX17,
  author    = {Jiwei Tan and
               Xiaojun Wan and
               Jianguo Xiao},
  title     = {Abstractive Document Summarization with a Graph-Based Attentional
               Neural Model},
  booktitle = {Proceedings of the 55th Annual Meeting of the Association for Computational
               Linguistics, {ACL} 2017, Vancouver, Canada, July 30 - August 4, Volume
               1: Long Papers},
  pages     = {1171--1181},
  year      = {2017},
}

@inproceedings{ChenZLWJ16,
  author    = {Qian Chen and
               Xiao{-}Dan Zhu and
               Zhen{-}Hua Ling and
               Si Wei and
               Hui Jiang},
  title     = {Distraction-Based Neural Networks for Modeling Document},
  booktitle = {Proceedings of the Twenty-Fifth International Joint Conference on
               Artificial Intelligence, {IJCAI} 2016, New York, NY, USA, 9-15 July
               2016},
  pages     = {2754--2760},
  year      = {2016},
}

@inproceedings{JiangB18,
  author    = {Yichen Jiang and
                 Mohit Bansal},
  title     = {Closed-Book Training to Improve Summarization Encoder Memory},
  booktitle = {Proceedings of the 2018 Conference on Empirical Methods in Natural
              Language Processing, Brussels, Belgium, October 31 - November 4, 2018},
  pages     = {4067--4077},
  year      = {2018},
}

@inproceedings{LinSMS18,
  author    = {Junyang Lin and
               Xu Sun and
               Shuming Ma and
               Qi Su},
  title     = {Global Encoding for Abstractive Summarization},
  booktitle = {Proceedings of the 56th Annual Meeting of the Association for Computational
              Linguistics, {ACL} 2018, Melbourne, Australia, July 15-20, 2018, Volume
              2: Short Papers},
  pages     = {163--169},
  year      = {2018},
}

@inproceedings{SuzukiN17,
  author    = {Jun Suzuki and
             Masaaki Nagata},
  title     = {Cutting-off Redundant Repeating Generations for Neural Abstractive
            Summarization},
  booktitle = {Proceedings of the 15th Conference of the European Chapter of the
             Association for Computational Linguistics, {EACL} 2017, Valencia,
            Spain, April 3-7, 2017, Volume 2: Short Papers},
  pages     = {291--297},
  year      = {2017},
}

@inproceedings{OwczarzakCDN12,
  author = {Karolina Owczarzak and
            John M. Conroy and
            Hoa Trang Dang and
            Ani Nenkova},
  title = {An Assessment of the Accuracy of Automatic Evaluation in Summarization},
  booktitle = {Proceedings of Workshop on Evaluation Metrics and System Comparison for Automatic Summarization@NACCL-HLT 2012, Montr{\`{e}}al, Canada, June 2012, 2012},
  year = {2012},
}

@inproceedings{ZhouYWZ17,
  author = {Qingyu Zhou and Nan Yang and Furu Wei and Ming Zhou},
  title = {Selective Encoding for Abstractive Sentence Summarization},
  booktitle = {Proceedings of the 55th Annual Meeting of the Association for Computational Linguistics, {ACL} 2017, Vancouver, Canada, July 30 - August 4, Volume 1: Long Papers},
  pages = {1095--1104},
  year      = {2017},
}

@inproceedings{LiuLZ18,
  author    = {Yizhu Liu and
               Zhiyi Luo and
               Kenny Q. Zhu},
  title     = {Controlling Length in Abstractive Summarization Using a Convolutional
               Neural Network},
  booktitle = {Proceedings of the 2018 Conference on Empirical Methods in Natural
               Language Processing, Brussels, Belgium, October 31 - November 4, 2018},
  pages     = {4110--4119},
  year      = {2018},
}

@inproceedings{loukina2014automatic,
  title={Automatic evaluation of spoken summaries: the case of language assessment},
  author={Loukina, Anastassia and Zechner, Klaus and Chen, Lei},
  booktitle={Proceedings of the ninth workshop on innovative use of NLP for building educational applications},
  year={2014}
}

@article{albert2017exploring,
  title={Exploring Teacher Forcing Techniques for Sequence-to-Sequence Abstractive Headline Summarization},
  author={Albert, Corbin},
  year={2017},
  publisher={University of Nottingham}
}

@article{Yao,
  author = {Yao, Jin-Ge and Wan, Xiaojun and Xiao, Jianguo},
  title = {Recent Advances in Document Summarization},
  journal = {Knowl. Inf. Syst.},
  year = {2017}
}

@article{bai2018empirical,
  title={An Empirical Evaluation of Generic Convolutional and Recurrent Networks for Sequence Modeling},
  author={Bai, Shaojie and Kolter, J Zico and Koltun, Vladlen},
  journal={arXiv preprint arXiv:1803.01271},
  year={2018}
  }

@article{YaoWX17,
  author    = {Jin{-}ge Yao and
               Xiaojun Wan and
               Jianguo Xiao},
  title     = {Recent advances in document summarization},
  journal   = {Knowl. Inf. Syst.},
  volume    = {53},
  number    = {2},
  pages     = {297--336},
  year      = {2017},
  doi       = {10.1007/s10115-017-1042-4}
}

@InProceedings{gehring2017convs2s,
  author    = {Jonas Gehring and
               Michael Auli and
               David Grangier and
               Denis Yarats and
               Yann N. Dauphin},
  title     = {Convolutional Sequence to Sequence Learning},
  booktitle = {Proceedings of the 34th International Conference on Machine Learning,
               {ICML} 2017, Sydney, NSW, Australia, 6-11 August 2017},
  pages     = {1243--1252},
  year      = {2017}
}

@InProceedings{FanGA18,
  author    = {Angela Fan and
               David Grangier and
               Michael Auli},
  title     = {Controllable Abstractive Summarization},
  booktitle = {Proceedings of the 2nd Workshop on Neural Machine Translation and
               Generation, NMT@ACL 2018, Melbourne, Australia, July 20, 2018},
  pages     = {45--54},
  year      = {2018},
}

@InProceedings{KikuchiNSTO16,
  author    = {Yuta Kikuchi and
               Graham Neubig and
               Ryohei Sasano and
               Hiroya Takamura and
               Manabu Okumura},
  title     = {Controlling Output Length in Neural Encoder-Decoders},
  booktitle = {Proceedings of the 2016 Conference on Empirical Methods in Natural
               Language Processing, {EMNLP} 2016, Austin, Texas, USA, November 1-4,
               2016},
  pages     = {1328--1338},
  year      = {2016}
}

@article{PaulusXS17,
  author    = {Romain Paulus and
               Caiming Xiong and
               Richard Socher},
  title     = {A Deep Reinforced Model for Abstractive Summarization},
  journal   = {CoRR},
  volume    = {abs/1705.04304},
  year      = {2017}
}
@InProceedings{SeeLM17,
  author    = {Abigail See and
               Peter J. Liu and
               Christopher D. Manning},
  title     = {Get To The Point: Summarization with Pointer-Generator Networks},
  booktitle = {Proceedings of the 55th Annual Meeting of the Association for Computational
               Linguistics, {ACL} 2017, Vancouver, Canada, July 30 - August 4, Volume
               1: Long Papers},
  pages     = {1073--1083},
  year      = {2017},
  doi       = {10.18653/v1/P17-1099}
}
@InProceedings{NallapatiZSGX16,
  author    = {Ramesh Nallapati and
               Bowen Zhou and
               C{\'{\i}}cero Nogueira dos Santos and
               {\c{C}}aglar G{\"{u}}l{\c{c}}ehre and
               Bing Xiang},
  title     = {Abstractive Text Summarization using Sequence-to-sequence RNNs and
               Beyond},
  booktitle = {Proceedings of the 20th {SIGNLL} Conference on Computational Natural
               Language Learning, CoNLL 2016, Berlin, Germany, August 11-12, 2016},
  pages     = {280--290},
  year      = {2016}
}
@InProceedings{RushCW15,
  author    = {Alexander M. Rush and
               Sumit Chopra and
               Jason Weston},
  title     = {A Neural Attention Model for Abstractive Sentence Summarization},
  booktitle = {Proceedings of the 2015 Conference on Empirical Methods in Natural
               Language Processing, {EMNLP} 2015, Lisbon, Portugal, September 17-21,
               2015},
  pages     = {379--389},
  year      = {2015}
}

@InProceedings{ChopraAR16,
  author    = {Sumit Chopra and
               Michael Auli and
               Alexander M. Rush},
  title     = {Abstractive Sentence Summarization with Attentive Recurrent Neural
               Networks},
  booktitle = {{NAACL} {HLT} 2016, The 2016 Conference of the North American Chapter
               of the Association for Computational Linguistics: Human Language Technologies,
               San Diego California, USA, June 12-17, 2016},
  pages     = {93--98},
  year      = {2016}
}

@InProceedings{HermannKGEKSB15,
  author    = {Karl Moritz Hermann and
               Tom{\'{a}}s Kocisk{\'{y}} and
               Edward Grefenstette and
               Lasse Espeholt and
               Will Kay and
               Mustafa Suleyman and
               Phil Blunsom},
  title     = {Teaching Machines to Read and Comprehend},
  booktitle = {Advances in Neural Information Processing Systems 28: Annual Conference
               on Neural Information Processing Systems 2015, December 7-12, 2015,
               Montreal, Quebec, Canada},
  pages     = {1693--1701},
  year      = {2015}
}

@article{BahdanauCB14,
  author    = {Dzmitry Bahdanau and
               Kyunghyun Cho and
               Yoshua Bengio},
  title     = {Neural Machine Translation by Jointly Learning to Align and Translate},
  journal   = {CoRR},
  volume    = {abs/1409.0473},
  year      = {2014}
}

@InProceedings{SutskeverVL14,
  author    = {Ilya Sutskever and
               Oriol Vinyals and
               Quoc V. Le},
  title     = {Sequence to Sequence Learning with Neural Networks},
  booktitle = {Advances in Neural Information Processing Systems 27: Annual Conference
               on Neural Information Processing Systems 2014, December 8-13 2014,
               Montreal, Quebec, Canada},
  pages     = {3104--3112},
  year      = {2014}
}
@InProceedings{SutskeverMDH13,
  author    = {Ilya Sutskever and
               James Martens and
               George E. Dahl and
               Geoffrey E. Hinton},
  title     = {On the importance of initialization and momentum in deep learning},
  booktitle = {Proceedings of the 30th International Conference on Machine Learning,
               {ICML} 2013, Atlanta, GA, USA, 16-21 June 2013},
  pages     = {1139--1147},
  year      = {2013}
}

@InProceedings{PascanuMB13,
  author    = {Razvan Pascanu and
               Tomas Mikolov and
               Yoshua Bengio},
  title     = {On the difficulty of training recurrent neural networks},
  booktitle = {Proceedings of the 30th International Conference on Machine Learning,
               {ICML} 2013, Atlanta, GA, USA, 16-21 June 2013},
  pages     = {1310--1318},
  year      = {2013}
}

@InProceedings{HeZRS16,
  author    = {Kaiming He and
               Xiangyu Zhang and
               Shaoqing Ren and
               Jian Sun},
  title     = {Deep Residual Learning for Image Recognition},
  booktitle = {2016 {IEEE} Conference on Computer Vision and Pattern Recognition,
               {CVPR} 2016, Las Vegas, NV, USA, June 27-30, 2016},
  pages     = {770--778},
  year      = {2016}
}

@article{rouge-a-package-for-automatic-evaluation-of-summaries,
   author = {Lin, Chin-Yew},
   title = {ROUGE: a Package for Automatic Evaluation of Summaries},
   journal={Text Summarization Branches Out},
   year = {2004},
   month = {July}
}

@book{Aho:72,
    author  = {Alfred V. Aho and Jeffrey D. Ullman},
    title   = {The Theory of Parsing, Translation and Compiling},
    year    = "1972",
    volume  = "1",
    publisher = {Prentice-Hall},
    address = {Englewood Cliffs, NJ}
}

@InProceedings{CunBDHHHJ89,
  author    = {Yann LeCun and
               Bernhard E. Boser and
               John S. Denker and
               Donnie Henderson and
               Richard E. Howard and
               Wayne E. Hubbard and
               Lawrence D. Jackel},
  title     = {Handwritten Digit Recognition with a Back-Propagation Network},
  booktitle = {Advances in Neural Information Processing Systems 2, {[NIPS} Conference,
               Denver, Colorado, USA, November 27-30, 1989]},
  pages     = {396--404},
  year      = {1989}
}

@InProceedings{DauphinFAG17,
  author    = {Yann N. Dauphin and
               Angela Fan and
               Michael Auli and
               David Grangier},
  title     = {Language Modeling with Gated Convolutional Networks},
  booktitle = {Proceedings of the 34th International Conference on Machine Learning,
               {ICML} 2017, Sydney, NSW, Australia, 6-11 August 2017},
  pages     = {933--941},
  year      = {2017}
}

@book{APA:83,
    author  = {{American Psychological Association}},
    title   = {Publications Manual},
    year    = "1983",
   publisher = {American Psychological Association},
   address = {Washington, DC}
}

@article{ACM:83,
	year = "1983",
	author = {{Association for Computing Machinery}},
	journal = {Computing Reviews},
	volume = "24",
	number = "11",
	pages = "503--512"
}

@article{Chandra:81,
	author = {Ashok K. Chandra and Dexter C. Kozen and Larry J. Stockmeyer},
	year = "1981",
	title = {Alternation},
	journal = {Journal of the Association for Computing Machinery},
	volume = "28",
	number = "1",
	pages = "114--133",
	doi = "10.1145/322234.322243"
}

@book{Gusfield:97,
    author  = {Dan Gusfield},
    title   = {Algorithms on Strings, Trees and Sequences},
    year    = "1997",
    publisher = {Cambridge University Press},
    address = {Cambridge, UK}
}


@inproceedings{Dorr2003HedgeTA,
  title={Hedge Trimmer: A Parse-And-Trim Approach To Headline Generation},
  author={Bonnie J. Dorr and David M. Zajic and Richard M. Schwartz},
  year={2003}
}

@article{DBLP:journals/corr/NallapatiZZ16,
  author    = {Ramesh Nallapati and
               Feifei Zhai and
               Bowen Zhou},
  title     = {SummaRuNNer: {A} Recurrent Neural Network based Sequence Model for
               Extractive Summarization of Documents},
  journal   = {CoRR},
  year      = {2016},
}

@InProceedings{D18-1205,
  author = 	"Li, Wei
		and Xiao, Xinyan
		and Lyu, Yajuan
		and Wang, Yuanzhuo",
  title = 	"Improving Neural Abstractive Document Summarization with Explicit Information Selection Modeling",
  booktitle = 	"Proceedings of the 2018 Conference on Empirical Methods in Natural Language Processing",
  year = 	"2018",
  publisher = 	"Association for Computational Linguistics",
  pages = 	"1787--1796",
  location = 	"Brussels, Belgium",
}

@InProceedings{D18-1441,
  author = 	"Li, Wei
		and Xiao, Xinyan
		and Lyu, Yajuan
		and Wang, Yuanzhuo",
  title = 	"Improving Neural Abstractive Document Summarization with Structural Regularization",
  booktitle = 	"Proceedings of the 2018 Conference on Empirical Methods in Natural Language Processing",
  year = 	"2018",
  publisher = 	"Association for Computational Linguistics",
  pages = 	"4078--4087",
  location = 	"Brussels, Belgium",
}


@InProceedings{P18-2027,
  author = 	"Lin, Junyang
		and SUN, Xu
		and Ma, Shuming
		and Su, Qi",
  title = 	"Global Encoding for Abstractive Summarization",
  booktitle = 	"Proceedings of the 56th Annual Meeting of the Association for Computational Linguistics (Volume 2: Short Papers)",
  year = 	"2018",
  publisher = 	"Association for Computational Linguistics",
  pages = 	"163--169",
  location = 	"Melbourne, Australia",
}

@InProceedings{E17-2047,
  author = 	"Suzuki, Jun
		and Nagata, Masaaki",
  title = 	"Cutting-off Redundant Repeating Generations for Neural Abstractive Summarization",
  booktitle = 	"Proceedings of the 15th Conference of the European Chapter of the Association for Computational Linguistics: Volume 2, Short Papers",
  year = 	"2017",
  publisher = 	"Association for Computational Linguistics",
  pages = 	"291--297",
  location = 	"Valencia, Spain",
}

@InProceedings{D18-1440,
  author = 	"Jiang, Yichen
		and Bansal, Mohit",
  title = 	"Closed-Book Training to Improve Summarization Encoder Memory",
  booktitle = 	"Proceedings of the 2018 Conference on Empirical Methods in Natural Language Processing",
  year = 	"2018",
  publisher = 	"Association for Computational Linguistics",
  pages = 	"4067--4077",
  location = 	"Brussels, Belgium",
}

@InProceedings{P18-1063,
  author = 	{Yen{-}Chun Chen and
		     Mohit Bansal},
  title = 	"Fast Abstractive Summarization with Reinforce-Selected Sentence Rewriting",
  booktitle = 	"Proceedings of the 56th Annual Meeting of the Association for Computational Linguistics (Volume 1: Long Papers)",
  year = 	"2018",
  publisher = 	"Association for Computational Linguistics",
  pages = 	"675--686",
  location = 	"Melbourne, Australia",
}



