@inproceedings{zhao2017constructing,
  title={Constructing and embedding abstract event causality networks from text snippets},
  author={Zhao, Sendong and Wang, Quan and Massung, Sean and Qin, Bing and Liu, Ting and Wang, Bin and Zhai, ChengXiang},
  booktitle={Proceedings of the Tenth ACM International Conference on Web Search and Data Mining},
  pages={335--344},
  year={2017},
  organization={ACM}
}

@inproceedings{luo2016commonsense,
  title={Commonsense Causal Reasoning between Short Texts.},
  author={Luo, Zhiyi and Sha, Yuchen and Zhu, Kenny Q and Hwang, Seung-won and Wang, Zhongyuan},
  booktitle={KR},
  pages={421--431},
  year={2016}
}

@inproceedings{bhutani2016nested,
  title={Nested propositions in open information extraction},
  author={Bhutani, Nikita and Jagadish, HV and Radev, Dragomir},
  booktitle={Proceedings of the 2016 Conference on Empirical Methods in Natural Language Processing},
  pages={55--64},
  year={2016}
}

@inproceedings{mikolov2013distributed,
  title={Distributed representations of words and phrases and their compositionality},
  author={Mikolov, Tomas and Sutskever, Ilya and Chen, Kai and Corrado, Greg S and Dean, Jeff},
  booktitle={Advances in neural information processing systems},
  pages={3111--3119},
  year={2013}
}

@inproceedings{wu2012probase,
  title={Probase: A probabilistic taxonomy for text understanding},
  author={Wu, Wentao and Li, Hongsong and Wang, Haixun and Zhu, Kenny Q},
  booktitle={Proceedings of the 2012 ACM SIGMOD International Conference on Management of Data},
  pages={481--492},
  year={2012},
  organization={ACM}
}

@incollection{speer2013conceptnet,
  title={ConceptNet 5: A large semantic network for relational knowledge},
  author={Speer, Robert and Havasi, Catherine},
  booktitle={The Peopleâ€™s Web Meets NLP},
  pages={161--176},
  year={2013},
  publisher={Springer}
}

@inproceedings{tandon2014webchild,
  title={Webchild: Harvesting and organizing commonsense knowledge from the web},
  author={Tandon, Niket and de Melo, Gerard and Suchanek, Fabian and Weikum, Gerhard},
  booktitle={Proceedings of the 7th ACM international conference on Web search and data mining},
  pages={523--532},
  year={2014},
  organization={ACM}
}
@inproceedings{baker1998berkeley,
  title={The berkeley framenet project},
  author={Baker, Collin F and Fillmore, Charles J and Lowe, John B},
  booktitle={Proceedings of the 17th international conference on Computational linguistics-Volume 1},
  pages={86--90},
  year={1998},
  organization={Association for Computational Linguistics}
}

@inproceedings{chen2016webbrain,
  title={Webbrain: Joint neural learning of large-scale commonsense knowledge},
  author={Chen, Jiaqiang and Tandon, Niket and Hariman, Charles Darwis and de Melo, Gerard},
  booktitle={International Semantic Web Conference},
  pages={102--118},
  year={2016},
  organization={Springer}
}


@inproceedings{manning2014stanford,
  title={The Stanford CoreNLP natural language processing toolkit},
  author={Manning, Christopher and Surdeanu, Mihai and Bauer, John and Finkel, Jenny and Bethard, Steven and McClosky, David},
  booktitle={Proceedings of 52nd annual meeting of the association for computational linguistics: system demonstrations},
  pages={55--60},
  year={2014}
}

@inproceedings{li-16,
title = {Commonsense Knowledge Base Completion},
author = {Xiang Li and Aynaz Taheri and Lifu Tu and Kevin Gimpel},
booktitle = {Proc. of ACL},
year = {2016}
}

@inproceedings{gong2016representing,
  title={Representing Verbs as Argument Concepts.},
  author={Gong, Yu and Zhao, Kaiqi and Zhu, Kenny Qili},
  booktitle={AAAI},
  pages={2615--2621},
  year={2016}
}

@inproceedings{ding2016knowledge,
  title={Knowledge-driven event embedding for stock prediction},
  author={Ding, Xiao and Zhang, Yue and Liu, Ting and Duan, Junwen},
  booktitle={Proceedings of COLING 2016, the 26th International Conference on Computational Linguistics: Technical Papers},
  pages={2133--2142},
  year={2016}
}

@inproceedings{ding2015deep,
  title={Deep learning for event-driven stock prediction.},
  author={Ding, Xiao and Zhang, Yue and Liu, Ting and Duan, Junwen},
  booktitle={Ijcai},
  pages={2327--2333},
  year={2015}
}

@inproceedings{chang2004causal,
  title={Causal relation extraction using cue phrase and lexical pair probabilities},
  author={Chang, Du-Seong and Choi, Key-Sun},
  booktitle={International Conference on Natural Language Processing},
  pages={61--70},
  year={2004},
  organization={Springer}
}

@article{zhao2016event,
  title={Event causality extraction based on connectives analysis},
  author={Zhao, Sendong and Liu, Ting and Zhao, Sicheng and Chen, Yiheng and Nie, Jian-Yun},
  journal={Neurocomputing},
  volume={173},
  pages={1943--1950},
  year={2016},
  publisher={Elsevier}
}
@inproceedings{suchanek2007yago,
  title={Yago: a core of semantic knowledge},
  author={Suchanek, Fabian M and Kasneci, Gjergji and Weikum, Gerhard},
  booktitle={Proceedings of the 16th international conference on World Wide Web},
  pages={697--706},
  year={2007},
  organization={ACM}
}

@inproceedings{bollacker2008freebase,
  title={Freebase: a collaboratively created graph database for structuring human knowledge},
  author={Bollacker, Kurt and Evans, Colin and Paritosh, Praveen and Sturge, Tim and Taylor, Jamie},
  booktitle={Proceedings of the 2008 ACM SIGMOD international conference on Management of data},
  pages={1247--1250},
  year={2008},
  organization={AcM}
}

@inproceedings{socher2013reasoning,
  title={Reasoning with neural tensor networks for knowledge base completion},
  author={Socher, Richard and Chen, Danqi and Manning, Christopher D and Ng, Andrew},
  booktitle={Advances in neural information processing systems},
  pages={926--934},
  year={2013}
}
@inproceedings{bordes2013translating,
  title={Translating embeddings for modeling multi-relational data},
  author={Bordes, Antoine and Usunier, Nicolas and Garcia-Duran, Alberto and Weston, Jason and Yakhnenko, Oksana},
  booktitle={Advances in neural information processing systems},
  pages={2787--2795},
  year={2013}
}
@article{bordes2014question,
  title={Question answering with subgraph embeddings},
  author={Bordes, Antoine and Chopra, Sumit and Weston, Jason},
  journal={arXiv preprint arXiv:1406.3676},
  year={2014}
}
@article{bordes2014semantic,
  title={A semantic matching energy function for learning with multi-relational data},
  author={Bordes, Antoine and Glorot, Xavier and Weston, Jason and Bengio, Yoshua},
  journal={Machine Learning},
  volume={94},
  number={2},
  pages={233--259},
  year={2014},
  publisher={Springer}
}

@article{hirschberg2015advances,
  title={Advances in natural language processing},
  author={Hirschberg, Julia and Manning, Christopher D},
  journal={Science},
  volume={349},
  number={6245},
  pages={261--266},
  year={2015},
  publisher={American Association for the Advancement of Science}
}
