@inproceedings{tsai2016cross,
  title={Cross-lingual wikification using multilingual embeddings},
  author={Tsai, Chen-Tse and Roth, Dan},
  booktitle={Proceedings of NAACL-HLT},
  pages={589--598},
  year={2016}
}

@inproceedings{mcnamee2011cross,
  title={Cross-Language Entity Linking.},
  author={McNamee, Paul and Mayfield, James and Lawrie, Dawn and Oard, Douglas W and Doermann, David S},
  booktitle={IJCNLP},
  pages={255--263},
  year={2011}
}

@article{limaye2010annotating,
  title={Annotating and searching web tables using entities, types and relationships},
  author={Limaye, Girija and Sarawagi, Sunita and Chakrabarti, Soumen},
  journal={Proceedings of the VLDB Endowment},
  volume={3},
  number={1-2},
  pages={1338--1347},
  year={2010},
  publisher={VLDB Endowment}
}

@inproceedings{bhagavatula2015tabel,
  title={TabEL: entity linking in web tables},
  author={Bhagavatula, Chandra Sekhar and Noraset, Thanapon and Downey, Doug},
  booktitle={International Semantic Web Conference},
  pages={425--441},
  year={2015},
  organization={Springer}
}

@inproceedings{wang2012understanding,
  title={Understanding tables on the web},
  author={Wang, Jingjing and Wang, Haixun and Wang, Zhongyuan and Zhu, Kenny Q},
  booktitle={International Conference on Conceptual Modeling},
  pages={141--155},
  year={2012},
  organization={Springer}
}

@article{cafarella2008webtables,
  title={Webtables: exploring the power of tables on the web},
  author={Cafarella, Michael J and Halevy, Alon and Wang, Daisy Zhe and Wu, Eugene and Zhang, Yang},
  journal={Proceedings of the VLDB Endowment},
  volume={1},
  number={1},
  pages={538--549},
  year={2008},
  publisher={VLDB Endowment}
}

@inproceedings{wu2016entity,
  title={Entity Linking in Web Tables with Multiple Linked Knowledge Bases},
  author={Wu, Tianxing and Yan, Shengjia and Piao, Zhixin and Xu, Liang and Wang, Ruiming and Qi, Guilin},
  booktitle={Joint International Semantic Technology Conference},
  pages={239--253},
  year={2016},
  organization={Springer}
}
