 % Use this file for citations not found in the ACL Anthology (contained in "anthology.bib").

@inproceedings{huang2023transcribing,
  title={Transcribing Vocal Communications of Domestic Shiba lnu Dogs},
  author={Huang, Jieyi and Zhang, Chunhao and Wu, Mengyue and Zhu, Kenny},
  booktitle={Findings of the Association for Computational Linguistics: ACL 2023},
  pages={13819--13832},
  year={2023}
}

@article{hsu2021hubert,
  title={Hubert: Self-supervised speech representation learning by masked prediction of hidden units},
  author={Hsu, Wei-Ning and Bolte, Benjamin and Tsai, Yao-Hung Hubert and Lakhotia, Kushal and Salakhutdinov, Ruslan and Mohamed, Abdelrahman},
  journal={IEEE/ACM Transactions on Audio, Speech, and Language Processing},
  volume={29},
  pages={3451--3460},
  year={2021},
  publisher={IEEE}
}

@article{liu2023separate,
  title={Separate anything you describe},
  author={Liu, Xubo and Kong, Qiuqiang and Zhao, Yan and Liu, Haohe and Yuan, Yi and Liu, Yuzhuo and Xia, Rui and Wang, Yuxuan and Plumbley, Mark D and Wang, Wenwu},
  journal={arXiv preprint arXiv:2308.05037},
  year={2023}
}

@inproceedings{gemmeke2017audio,
  title={Audio set: An ontology and human-labeled dataset for audio events},
  author={Gemmeke, Jort F and Ellis, Daniel PW and Freedman, Dylan and Jansen, Aren and Lawrence, Wade and Moore, R Channing and Plakal, Manoj and Ritter, Marvin},
  booktitle={2017 IEEE international conference on acoustics, speech and signal processing (ICASSP)},
  pages={776--780},
  year={2017},
  organization={IEEE}
}

@inproceedings{chen2020vggsound,
  title={Vggsound: A large-scale audio-visual dataset},
  author={Chen, Honglie and Xie, Weidi and Vedaldi, Andrea and Zisserman, Andrew},
  booktitle={ICASSP 2020-2020 IEEE International Conference on Acoustics, Speech and Signal Processing (ICASSP)},
  pages={721--725},
  year={2020},
  organization={IEEE}
}

@inproceedings{kim2019audiocaps,
  title={Audiocaps: Generating captions for audios in the wild},
  author={Kim, Chris Dongjoo and Kim, Byeongchang and Lee, Hyunmin and Kim, Gunhee},
  booktitle={Proceedings of the 2019 Conference of the North American Chapter of the Association for Computational Linguistics: Human Language Technologies, Volume 1 (Long and Short Papers)},
  pages={119--132},
  year={2019}
}

@article{wang2023towards,
  title={Towards Lexical Analysis of Dog Vocalizations via Online Videos},
  author={Wang, Yufei and Zhang, Chunhao and Huang, Jieyi and Wu, Mengyue and Zhu, Kenny},
  journal={arXiv preprint arXiv:2309.13086},
  year={2023}
}

@article{kong2020panns,
  title={Panns: Large-scale pretrained audio neural networks for audio pattern recognition},
  author={Kong, Qiuqiang and Cao, Yin and Iqbal, Turab and Wang, Yuxuan and Wang, Wenwu and Plumbley, Mark D},
  journal={IEEE/ACM Transactions on Audio, Speech, and Language Processing},
  volume={28},
  pages={2880--2894},
  year={2020},
  publisher={IEEE}
}

@inproceedings{hagiwara2023aves,
  title={AVES: Animal Vocalization Encoder Based on Self-Supervision},
  author={Hagiwara, Masato},
  booktitle={ICASSP 2023-2023 IEEE International Conference on Acoustics, Speech and Signal Processing (ICASSP)},
  pages={1--5},
  year={2023},
  organization={IEEE}
}

@article{rutz2023using,
  title={Using machine learning to decode animal communication},
  author={Rutz, Christian and Bronstein, Michael and Raskin, Aza and Vernes, Sonja C and Zacarian, Katherine and Blasi, Dami{\'a}n E},
  journal={Science},
  volume={381},
  number={6654},
  pages={152--155},
  year={2023},
  publisher={American Association for the Advancement of Science}
}

@inproceedings{ide2021rescue,
  title={Rescue dog action recognition by integrating ego-centric video, sound and sensor information},
  author={Ide, Yuta and Araki, Tsuyohito and Hamada, Ryunosuke and Ohno, Kazunori and Yanai, Keiji},
  booktitle={Pattern Recognition. ICPR International Workshops and Challenges: Virtual Event, January 10--15, 2021, Proceedings, Part III},
  pages={321--333},
  year={2021},
  organization={Springer}
}

@inproceedings{ehsani2018let,
  title={Who let the dogs out? modeling dog behavior from visual data},
  author={Ehsani, Kiana and Bagherinezhad, Hessam and Redmon, Joseph and Mottaghi, Roozbeh and Farhadi, Ali},
  booktitle={Proceedings of the IEEE Conference on Computer Vision and Pattern Recognition},
  pages={4051--4060},
  year={2018}
}

@article{molnar2008classification,
  title={Classification of dog barks: a machine learning approach},
  author={Moln{\'a}r, Csaba and Kaplan, Fr{\'e}d{\'e}ric and Roy, Pierre and Pachet, Fran{\c{c}}ois and Pongr{\'a}cz, P{\'e}ter and D{\'o}ka, Antal and Mikl{\'o}si, {\'A}d{\'a}m},
  journal={Animal Cognition},
  volume={11},
  pages={389--400},
  year={2008},
  publisher={Springer}
}

@article{larranaga2015comparing,
  title={Comparing supervised learning methods for classifying sex, age, context and individual Mudi dogs from barking},
  author={Larranaga, Ana and Bielza, Concha and Pongr{\'a}cz, P{\'e}ter and Farag{\'o}, Tam{\'a}s and B{\'a}lint, Anna and Larranaga, Pedro},
  journal={Animal cognition},
  volume={18},
  number={2},
  pages={405--421},
  year={2015},
  publisher={Springer}
}

@inproceedings{hantke2018my,
  title={What is my dog trying to tell me? The automatic recognition of the context and perceived emotion of dog barks},
  author={Hantke, Simone and Cummins, Nicholas and Schuller, Bjorn},
  booktitle={2018 IEEE International Conference on Acoustics, Speech and Signal Processing (ICASSP)},
  pages={5134--5138},
  year={2018},
  organization={IEEE}
}

@article{pongracz2006acoustic,
  title={Acoustic parameters of dog barks carry emotional information for humans},
  author={Pongr{\'a}cz, P{\'e}ter and Moln{\'a}r, Csaba and Miklosi, Adam},
  journal={Applied Animal Behaviour Science},
  volume={100},
  number={3-4},
  pages={228--240},
  year={2006},
  publisher={Elsevier}
}

@article{paladini2020bark,
  title={The bark and its meanings in inter and intra-specific language},
  author={Paladini, Aleida},
  journal={Dog behavior},
  volume={6},
  number={1},
  pages={21--30},
  year={2020}
}

@article{robbins2000vocal,
  title={Vocal communication in free-ranging African wild dogs (Lycaon pictus)},
  author={Robbins, Robert L},
  journal={Behaviour},
  pages={1271--1298},
  year={2000},
  publisher={JSTOR}
}

@article{bermant2019deep,
  title={Deep machine learning techniques for the detection and classification of sperm whale bioacoustics},
  author={Bermant, Peter C and Bronstein, Michael M and Wood, Robert J and Gero, Shane and Gruber, David F},
  journal={Scientific reports},
  volume={9},
  number={1},
  pages={12588},
  year={2019},
  publisher={Nature Publishing Group UK London}
}

@book{holdcroft1991saussure,
  title={Saussure: signs, system and arbitrariness},
  author={Holdcroft, David},
  year={1991},
  publisher={Cambridge University Press}
}
