@inproceedings{ramage2009labeled,
  title={Labeled LDA: A supervised topic model for credit attribution in multi-labeled corpora},
  author={Ramage, Daniel and Hall, David and Nallapati, Ramesh and Manning, Christopher D},
  booktitle={EMNLP},
  pages={248--256},
  year={2009},
  organization={Association for Computational Linguistics}
}

@article{liu2005support,
  title={Support vector machines classification with a very large-scale taxonomy},
  author={Liu, Tie-Yan and Yang, Yiming and Wan, Hao and Zeng, Hua-Jun and Chen, Zheng and Ma, Wei-Ying},
  journal={ACM SIGKDD Explorations Newsletter},
  volume={7},
  number={1},
  pages={36--43},
  year={2005},
  publisher={ACM}
}

@inproceedings{blei2007supervised,
  title={Supervised Topic Models.},
  author={Blei, David M and McAuliffe, Jon D},
  booktitle={NIPS},
  volume={7},
  pages={121--128},
  year={2007}
}

@article{mimno2012topic,
  title={Topic models conditioned on arbitrary features with dirichlet-multinomial regression},
  author={Mimno, David and McCallum, Andrew},
  journal={arXiv preprint arXiv:1206.3278},
  year={2012}
}

@article{blei2003latent,
  title={Latent dirichlet allocation},
  author={Blei, David M and Ng, Andrew Y and Jordan, Michael I},
  journal={JMLR},
  volume={3},
  pages={993--1022},
  year={2003},
  publisher={JMLR. org}
}

@inproceedings{ghamrawi2005collective,
  title={Collective multi-label classification},
  author={Ghamrawi, Nadia and McCallum, Andrew},
  booktitle={CIKM},
  pages={195--200},
  year={2005},
  organization={ACM}
}

@article{blei2006correlated,
  title={Correlated topic models},
  author={Blei, David and Lafferty, John},
  journal={NIPS},
  volume={18},
  pages={147},
  year={2006},
  publisher={MIT; 1998}
}

@article{li2006pachinko,
  title={Pachinko allocation: DAG-structured mixture models of topic correlations},
  author={Li, Wei and McCallum, Andrew},
  year={2006}
}

@inproceedings{blei2003hierarchical,
  title={Hierarchical Topic Models and the Nested Chinese Restaurant Process.},
  author={Blei, David M and Griffiths, Thomas L and Jordan, Michael I and Tenenbaum, Joshua B},
  booktitle={NIPS},
  volume={16},
  year={2003}
}

@article{rifkin2004defense,
  title={In defense of one-vs-all classification},
  author={Rifkin, Ryan and Klautau, Aldebaro},
  journal={JMLR},
  volume={5},
  pages={101--141},
  year={2004},
  publisher={JMLR. org}
}

@inproceedings{ramage2009clustering,
  title={Clustering the tagged web},
  author={Ramage, Daniel and Heymann, Paul and Manning, Christopher D and Garcia-Molina, Hector},
  booktitle={WSDM},
  pages={54--63},
  year={2009},
  organization={ACM}
}

@inproceedings{druck2007semi,
  title={Semi-supervised classification with hybrid generative/discriminative methods},
  author={Druck, Gregory and Pal, Chris and McCallum, Andrew and Zhu, Xiaojin},
  booktitle={KDD},
  pages={280--289},
  year={2007},
  organization={ACM}
}

@inproceedings{zhang2010multi,
  title={Multi-label learning by exploiting label dependency},
  author={Zhang, Min-Ling and Zhang, Kun},
  booktitle={KDD},
  pages={999--1008},
  year={2010},
  organization={ACM}
}

@article{zhang2007ml,
  title={ML-KNN: A lazy learning approach to multi-label learning},
  author={Zhang, Min-Ling and Zhou, Zhi-Hua},
  journal={Pattern recognition},
  volume={40},
  number={7},
  pages={2038--2048},
  year={2007},
  publisher={Elsevier}
}

@article{zhang2006multilabel,
  title={Multilabel neural networks with applications to functional genomics and text categorization},
  author={Zhang, Min-Ling and Zhou, Zhi-Hua},
  journal={Knowledge and Data Engineering, IEEE Transactions on},
  volume={18},
  number={10},
  pages={1338--1351},
  year={2006},
  publisher={IEEE}
}

@inproceedings{hofmann1999probabilistic,
  title={Probabilistic latent semantic indexing},
  author={Hofmann, Thomas},
  booktitle={SIGIR},
  pages={50--57},
  year={1999},
  organization={ACM}
}