@article{he2019learning,
  title={Learning to Align Question and Answer Utterances in Customer Service Conversation with Recurrent Pointer Networks},
  author={He, Shizhu and Liu, Kang and An, Weiting},
  year={2019}
}
  
@article{cui2017superagent,
  author={Cui, Lei and Huang, Shaohan and Wei, Furu and Tan, Chuanqi and Duan, Chaoqun and Zhou, Ming},
  title={Superagent: A customer service chatbot for e-commerce websites},
  journal={Proceedings of ACL 2017, System Demonstrations},
  pages={97--102},
  year={2017}
}

@article{ji2014information,
  author={Ji, Zongcheng and Lu, Zhengdong and Li, Hang},
  title={An information retrieval approach to short text conversation},
  journal={arXiv preprint arXiv:1408.6988},
  year={2014}
}
@article{vinyals2015neural,
  author={Vinyals, Oriol and Le, Quoc},
  title={A neural conversational model},
  journal={arXiv preprint arXiv:1506.05869},
  year={2015}
}
@article{rocktaschel2015reasoning,
  author={Rockt{\"a}schel, Tim and Grefenstette, Edward and Hermann, Karl Moritz and Ko{\v{c}}isk{\`y}, Tom{\'a}{\v{s}} and Blunsom, Phil},
  title={Reasoning about entailment with neural attention},
  journal={arXiv preprint arXiv:1509.06664},
  year={2015}
}

@article{wang2015learning,
  author={Wang, Shuohang and Jiang, Jing},
  title={Learning natural language inference with {LSTM}},
  journal={arXiv preprint arXiv:1512.08849},
  year={2015}
}

%incorrect
@inproceedings{cong2008finding,
  author={Cong, Gao and Wang, Long and Lin, Chin-Yew and Song, Young-In and Sun, Yueheng},
  title={Finding question-answer pairs from online forums},
  booktitle={Proceedings of the 31st annual international ACM SIGIR conference on Research and development in information retrieval},
  pages={467--474},
  year={2008}
}

@inproceedings{dogan2018neural,
	title={A Neural Multi-sequence Alignment TeCHnique (NeuMATCH)},
	author={Dogan, Pelin and Li, Boyang and Sigal, Leonid and Gross, Markus},
	booktitle={Proceedings of CVPR},
	pages={8749--8758},
	year={2018}
}

@inproceedings{jiang2018learning,
	title={Learning to disentangle interleaved conversational threads with a siamese hierarchical network and similarity ranking},
	author={Jiang, Jyun-Yu and Chen, Francine and Chen, Yan-Ying and Wang, Wei},
	booktitle={Proceedings of NAACL-HLT 2018, Volume 1 (Long Papers)},
	volume={1},
	pages={1812--1822},
	year={2018}
}

@inproceedings{wang2009extracting,
	title={Extracting Chinese question-answer pairs from online forums},
	author={Wang, Baoxun and Liu, Bingquan and Sun, Chengjie and Wang, Xiaolong and Sun, Lin},
	booktitle={2009 IEEE International Conference on Systems, Man and Cybernetics},
	pages={1159--1164},
	year={2009}
}

@inproceedings{shrestha2004detection,
	title={Detection of question-answer pairs in email conversations},
	author={Shrestha, Lokesh and McKeown, Kathleen},
	booktitle={Proceedings of the 20th international conference on Computational Linguistics},
	pages={889},
	year={2004}
}

@inproceedings{elsner2011disentangling,
	title={Disentangling chat with local coherence models},
	author={Elsner, Micha and Charniak, Eugene},
	booktitle={Proceedings of ACL},
	pages={1179--1189},
	year={2011}
}

@inproceedings{afantenos2015discourse,
	title={Discourse parsing for multi-party chat dialogues},
	author={Afantenos, Stergos and Kow, Eric and Asher, Nicholas and Perret, J{\'e}r{\'e}my},
	year={2015}
}

@article{arora2016simple,
	title={A simple but tough-to-beat baseline for sentence embeddings},
	author={Arora, Sanjeev and Liang, Yingyu and Ma, Tengyu},
	year={2016}
}

@article{ruckle2018concatenated,
	title={Concatenated $ p $-mean Word Embeddings as Universal Cross-Lingual Sentence Representations},
	author={R{\"u}ckl{\'e}, Andreas and Eger, Steffen and Peyrard, Maxime and Gurevych, Iryna},
	journal={arXiv preprint arXiv:1803.01400},
	year={2018}
}

@article{pagliardini2017unsupervised,
	title={Unsupervised learning of sentence embeddings using compositional n-gram features},
	author={Pagliardini, Matteo and Gupta, Prakhar and Jaggi, Martin},
	journal={arXiv preprint arXiv:1703.02507},
	year={2017}
}

@inproceedings{kiros2015skip,
	title={Skip-thought vectors},
	author={Kiros, Ryan and Zhu, Yukun and Salakhutdinov, Ruslan R and Zemel, Richard and Urtasun, Raquel and Torralba, Antonio and Fidler, Sanja},
	booktitle={Advances in neural information processing systems},
	pages={3294--3302},
	year={2015}
}

@inproceedings{du2017discovering,
	title={Discovering conversational dependencies between messages in dialogs},
	author={Du, Wenchao and Poupart, Pascal and Xu, Wei},
	booktitle={Thirty-First AAAI Conference on Artificial Intelligence},
	year={2017}
}

@inproceedings{he2016pairwise,
	title={Pairwise word interaction modeling with deep neural networks for semantic similarity measurement},
	author={He, Hua and Lin, Jimmy},
	booktitle={Proceedings of NAACL-HLT},
	pages={937--948},
	year={2016}
}

@article{parikh2016decomposable,
	title={A decomposable attention model for natural language inference},
	author={Parikh, Ankur P and T{\"a}ckstr{\"o}m, Oscar and Das, Dipanjan and Uszkoreit, Jakob},
	journal={arXiv preprint arXiv:1606.01933},
	year={2016}
}

@article{chen2016enhanced,
	title={Enhanced {lstm} for natural language inference},
	author={Chen, Qian and Zhu, Xiaodan and Ling, Zhenhua and Wei, Si and Jiang, Hui and Inkpen, Diana},
	journal={arXiv preprint arXiv:1609.06038},
	year={2016}
}

@article{bahdanau2014neural,
	title={Neural machine translation by jointly learning to align and translate},
	author={Bahdanau, Dzmitry and Cho, Kyunghyun and Bengio, Yoshua},
	journal={arXiv preprint arXiv:1409.0473},
	year={2014}
}

@inproceedings{wang2017gated,
	title={Gated self-matching networks for reading comprehension and question answering},
	author={Wang, Wenhui and Yang, Nan and Wei, Furu and Chang, Baobao and Zhou, Ming},
	booktitle={Proceedings of ACL},
	volume={1},
	pages={189--198},
	year={2017}
}

@article{nguyen2017novel,
	title={A novel embedding model for knowledge base completion based on convolutional neural network},
	author={Nguyen, Dai Quoc and Nguyen, Tu Dinh and Nguyen, Dat Quoc and Phung, Dinh},
	journal={arXiv preprint arXiv:1712.02121},
	year={2017}
}
@article{mikolov2013efficient,
	title={Efficient estimation of word representations in vector space},
	author={Mikolov, Tomas and Chen, Kai and Corrado, Greg and Dean, Jeffrey},
	journal={arXiv preprint arXiv:1301.3781},
	year={2013}
}

@inproceedings{bojanowski2015weakly,
	title={Weakly-supervised alignment of video with text},
	author={Bojanowski, Piotr and Lajugie, R{\'e}mi and Grave, Edouard and Bach, Francis and Laptev, Ivan and Ponce, Jean and Schmid, Cordelia},
	booktitle={Proceedings of ICCV},
	pages={4462--4470},
	year={2015}
}

@inproceedings{song2016unsupervised,
	title={Unsupervised Alignment of Actions in Video with Text Descriptions.},
	author={Song, Young Chol and Naim, Iftekhar and Al Mamun, Abdullah and Kulkarni, Kaustubh and Singla, Parag and Luo, Jiebo and Gildea, Daniel and Kautz, Henry A},
	booktitle={IJCAI},
	pages={2025--2031},
	year={2016}
}

@inproceedings{dogan2016label,
	title={Label-based automatic alignment of video with narrative sentences},
	author={Dogan, Pelin and Gross, Markus and Bazin, Jean-Charles},
	booktitle={ECCV},
	pages={605--620},
	year={2016}
}

@article{vintsyuk1968speech,
	title={Speech discrimination by dynamic programming},
	author={Vintsyuk, Taras K},
	journal={Cybernetics and Systems Analysis},
	volume={4},
	number={1},
	pages={52--57},
	year={1968},
	publisher={Springer}
}

@article{ding2008using,
	title={Using conditional random fields to extract contexts and answers of questions from online forums},
	author={Ding, Shilin and Cong, Gao and Lin, Chin-Yew and Zhu, Xiaoyan},
	journal={Proceedings of ACL-08: HLT},
	pages={710--718},
	year={2008}
}

@inproceedings{kim2010tagging,
	title={Tagging and linking web forum posts},
	author={Kim, Su Nam and Wang, Li and Baldwin, Timothy},
	booktitle={Proceedings of CoNLL},
	pages={192--202},
	year={2010}
}

@article{catherine2012does,
	title={Does similarity matter? the case of answer extraction from technical discussion forums},
	author={Catherine, Rose and Singh, Amit and Gangadharaiah, Rashmi and Raghu, Dinesh and Visweswariah, Karthik},
	journal={Proceedings of COLING: Posters},
	pages={175--184},
	year={2012}
}

@inproceedings{catherine2013semi,
	title={Semi-supervised answer extraction from discussion forums},
	author={Catherine, Rose and Gangadharaiah, Rashmi and Visweswariah, Karthik and Raghu, Dinesh},
	booktitle={Proceedings of IJCNLP},
	pages={1--9},
	year={2013}
}

@inproceedings{wang2010modeling,
	title={Modeling semantic relevance for question-answer pairs in web social communities},
	author={Wang, Baoxun and Wang, Xiaolong and Sun, Chengjie and Liu, Bingquan and Sun, Lin},
	booktitle={Proceedings of ACL},
	pages={1230--1238},
	year={2010}
}

@article{liu2016modelling,
	title={Modelling interaction of sentence pair with coupled-{lstm}s},
	author={Liu, Pengfei and Qiu, Xipeng and Huang, Xuanjing},
	journal={arXiv preprint arXiv:1605.05573},
	year={2016}
}

@article{gers1999learning,
	title={Learning to forget: Continual prediction with {LSTM}},
	author={Gers, Felix A and Schmidhuber, J{\"u}rgen and Cummins, Fred},
	year={1999},
	publisher={IET}
}

@inproceedings{yan2017building,
	title={Building task-oriented dialogue systems for online shopping},
	author={Yan, Zhao and Duan, Nan and Chen, Peng and Zhou, Ming and Zhou, Jianshe and Li, Zhoujun},
	booktitle={Thirty-First AAAI Conference on Artificial Intelligence},
	year={2017}
}