@inproceedings{Arvind03:bluespec,
  author    = {Arvind},
  title     = {Bluespec: A language for hardware design, simulation, synthesis
               and verification},
  booktitle = {MEMOCODE},
  year      = {2003},
  pages     = {249-}
}

@Book{Grotker-sysC,
  author={T. Gr\"{o}tker and S. Liao and G. Martin and S. Swan},
  title="System Design with SystemC",
  publisher="Springer",
  year={2002}
}

@Book{HandelC,
  title="Handel-C Language Reference Manual",
  publisher="Agility Design Solutions"}

@Book{HaskellBook,
	author = {Bryan O'Sullivan, Don Stewart, John Goerzen},
	title = "Real World Haskell",
	publisher = "Southeast University Press",
     year = "2010"
}

@Book{AES,
  author={{National} {Institute} of Standards and Technology(U.S.)},
  title="Advanced Encryption Standards ({AES})",
  publisher="{FIPS} Publication",
  year = {2001} 
}

@book{Sutherland-systemverilog,
  author={Stuart Sutherland and Simon Davidmann and Peter Flake},
  title={SystemVerilog for Design: A Guide to Using SystemVerilog for
	Hardware Design and Modeling},
  edition="Second",
  publisher={Springer},
  year=2006}

@inproceedings{Compton02:Totem,
  author    = {Katherine Compton and
               Akshay Sharma and
               Shawn Phillips and
               Scott Hauck},
  title     = {Flexible Routing Architecture Generation for Domain-Specific
               Reconfigurable Subsystems},
  booktitle = {FPL},
  year      = {2002},
  pages     = {59-68}
}

@inproceedings{Compton01:Totem,
  author    = {Katherine Compton and Scott Hauck},
  title     = {Totem: Custom Reconfigurable Array Generation},
  booktitle = {IEEE Symp. on FPGAs for Custom Computing Machines},
  year      = {2001}
}

@inproceedings{NordinMHP05:Spiral,
  author    = {Grace Nordin and
               Peter A. Milder and
               James C. Hoe and
               Markus P{\"u}schel},
  title     = {Automatic generation of customized discrete fourier transform
               {IP}s},
  booktitle = {DAC},
  year      = {2005},
  pages     = {471-474}
}

@inproceedings{Yibo:AES,
  author    = {Yibo Fan and
               Takeshi Ikenaga and
               Yukiyasu Tsunoo and
               Satoshi Goto},
  title     = {A Low-cost Reconfigurable Architecture for AES Algorithm},
  booktitle = {World Academy of Science, Engineering and Technology},
  year      = {2008},
  pages     = {41-43}
}

@inproceedings{SP:HLS,
  author    = {Cheng-Tsung Hwang and
               Jiahn-Hurng Lee and
               Yu-Chin Hsu},
  title     = {A Formal Approch to the Scheduling Problem in High Level Synthesis},
  booktitle = {IEEE Transactions on Computer-Aided Design},
  year      = {1991}
}

@inproceedings{Tutorial:HLS,
  author    = {Michael C. McFarland and
               Alice C. Parker and
               Raul Camposano},
  title     = {Tutorial on High-Level Synthesis},
  booktitle = {25th ACM/IEEE DAC},
  year      = {1988},
  pages	 = {330-336}
}

@inproceedings{GNordin:FFT,
  author    = { G.Nordin and
		     Peter A. Milder and
               James C. Hoe and
  		    Markus Pschel},
  title     = {Automatic generation of customized discrete Fourier transform IPs},
  booktitle = {In Proceedings of the 42th DAC},
  year      = {2005},
  pages	 = {471-474}
}

@article{LinearDigitalGeneration,
  author    = { Peter Milder and
		     Franz Franchetti and
               James C. Hoe and
  		    Markus Pschel},
  title     = {Computer Generation of Hardware for Linear Digital Signal Processing Transforms},
  booktitle = {ACM Transactions on Design Automation of Electronic Systems},
  year      = {2012}
}

@article{CTAinASP,
  author    = { Markus Puschel and
		     Jose M. F. Moura},
  title     = {Algebraic Signal Processing Theory: Cooley-Tukey Type Algorithms for DCTs and DSTs},
  booktitle = {IEEE Transactions on Signal Processing},
  year      = {2008}
}

@article{Cooley-TukeyAlgorithm,
  author    = { James W. Cooley and
		     John W. Tukey},
  title     = {An algorithm for the machine calculation of complex Fourier series},
  booktitle = {Mathematics of Computation},
  year      = {1965},
  pages	 = {297-301}
}

@article{HLSofDigitalSystems,
  author    = { Michael C. Mcfarland and
		     Alice C. Parker},
  title     = {The High-Level Synthesis of Digital Systems},
  booktitle = {Proceedings of the IEEE},
  year      = {1990},
  pages	 = {301-318}
}

@article{SCM,
  author    = { Yevgen Voronenko and
		     Markus Puschel},
  title     = {Multiplierless Multiple Constant Multiplication},
  booktitle = {ACM Transactions on Algorithms},
  year      = {2007}
}

@inproceedings{HistoryofHK,
  author    = { Paul Hudas and
		     John Hughes and
			Simon Peyton Jones and
			Philip Wadler},
  title     = {A History of Haskell: being lazy with class},
  booktitle = {The Third ACM SIGPLAN History of Porgramming Languages Conference},
  year      = {2007}
}

@misc{SpiralProject,
  title = {Spiral project website},
  howpublished = {\url{www.spiral.net}}
}

@misc{C2Verilog,
  title = {C to Verilog website},
  howpublished = {\url{www.c-to-verilog.com}}
}

@book{VHDL-Design,
  author    = {Stephen Brown and
               Zvonko Vranesic},
  title     = {Fundamentals of Digital Logic with VHDL Design},
  publisher = {McGraw-Hill Higher Education},
  edition   = {Second},
  year      = {2005}
}

@article{PipelineFFT,
  author = {Shousheng He and
            Mats Torkeson},
  title  = {A new approch to pipeline FFT processor},
  booktitle = {10th Inernational Parallel Processing Symposium},
  year = {1996},
  pages = {766-770}  
}

@inproceedings{CodeG:Spiral,
  author    = { Markus Puschel and
		     Jose M. F. Moura and
               Jeremy R. Johnson and
  		    David Padua and Manuela M. Veloso and
               Bryan W. Singer and Jianxin Xiong and
               Franz Franchetti and
               Aca Gacic and Yevgen Voronenko and
               Kang Chen and Robert W. Johnson and
               Nicholas Rizzolo},
  title     = {SPIRAL: Code Generation for DSP Transforms},
  booktitle = {Proceedings of IEEE},
  year      = {2005},
  pages	 = {232-275}
}

@inproceedings{Lava,
  author    = { Per Bjesse and
		     Koen Claessen and
               Mary Sheeran and
  		    Satnam Singh},
  title     = {Lava: hardware design in Haskell},
  booktitle = {ICFP '98 Proceedings},
  year      = {1998},
  pages	 = {174-184}
}

@inproceedings{AESImpl1,
  title={A Compact Rijndael Hardware Architecture with S-Box Optimization},
  volume={2248},
  pages={239-254},
  author={Akashi Satoh and Sumio Morioka and Kohji Takano and Seiji Munetoh},
  year=2001
}

@inproceedings{AESImpl2,
 author = {D. Canright},
 title = {A very compact s-box for AES},
 year = {2005},
 pages = {441--455}
} 


@article{intro:HDL,
  author = {Ronald Waxman and
            MIchel Israel},
  title = {Hardware Description Languages},
  booktitle = {Encyclopedia of Computer Science 4th},
  year = {2003},
  pages = {768-773}
}

@article{Verilog:Loop,
  author = {Yosi Ben-Asher and
            Eddie Shochat},
  title = {Finding the Best Compromise in Compiling Compound Loops to Verilog},
  booktitle = {ISVLSI '08 Proceedings},
  year = {2008},
  pages = {495-498}
}

@article{Survey:HLS,
 author = {Younlong Lin},
 title = {Recent developments in high-level synthesis},
 booktitle = {ACM Transactions on Design Automation of Electronic System Vol 2, Issue 1},
 year = {1997},
 pages = {2-21}
}

@article{HLS:intro,
 author = {Gajski D.D. and
           Ramachandran L},
 title = {Introduction to high-level synthesis},
 booktitle = {Design & Test of Computers, IEEE},
 year = {1994},
 pages = {44-54}
}

@book{ChipDesign:HLS,
  author = {Daniel D. Gajski and
            Nikil D. Dutt and
            Allen C-H Wu and
            Steve Y-L Lin},
  title = {Higl-Level Synthesis: Introduction to Chip and System Design},
  publisher = {Springer}, 
  editon = {1st},
  year = {1992} 
}

@inproceedings{SPARK,
  author = {Sumit Gupta and
            Nikil Dutt and
            Rajesh Gupta and
            Alex Niclau},
  title = {SPARK: A High-Level Synthesis Framework For Applying Parallelizing Compiler Transformations},
  booktitle = {Proceedings of the 16th International Conference on VLSI Design},
  year = {2003},
  pages = {461-}
}

@article{HML,
  author = {Yanbing Li and
            Miriam Leeser},
  title = {HML, a Novel Hardware Description Language and Its Translation to VHDL},
  booktitle = {IEEE Transactions on Very Large Scale Integration System, Vol 8, No. 1},
  year = {2000},
  pages = {461-}
}

@book{ML:Milner,
  author = {Robin Milner and
            Mads Tofte and 
            Robert Harper and
   	       David MacQueen},
  title = {The Definition of Standard ML},
  edition = {1st},
  publisher = {MIT Press},
  year = {1990}  
}

@article{Gel:FCCM,
  author = {Jonathan Bachrach and
            Dany Qumsiyeh and
            Mark Tobenkin},
  title = {Hardware Scripting in Gel},
  booktitle = {16th International Symposium on Filed-Programmable Custom Computing Machines},
  year = {2008},
  pages = {13-22}
}

@article{CLambda,
 author = {Christiaan Baaij and
           Matthijs Kooijman and
           Jan Kuper and
           Arjan Boeijink and
           Marco Gerards},
 title = {C$\lambda$aSH: Structural Descriptions of Synchronous Hardward using Haskell},
 booktitle = {13th Euromicro Conference on Digital System Design: Architectures, Methods and Tools},
 year = {2010},
 pages = {714-721}
}

@article{highorderfunction,
 author = {Findler, Robert Bruce and Felleisen, Matthias},
 title = {Contracts for higher-order functions},
 journal = {SIGPLAN Not.},
 volume = {37},
 year = {2002},
 pages = {48--59}
} 

@article{AT,
author = {M. Flynn},
title = {Area\-Time\-Power and Design effort: the basic tradeoffs in Application Specific Systems},
journal ={2012 IEEE 23rd International Conference on Application-Specific Systems, Architectures and Processors},
year = {2005}
}

@inproceedings{Akashi:AES,
  author    = {Akashi Satoh and
               Sumio Morioka and
               Kohji Takano and
               Seiji Munetoh},
  title     = {A Compact Rijndael Hardware Architecture with S-Box Optimization},
  year      = {2001},
  pages     = {239-254}
}

@inproceedings{Martin:AES,
  author    = {Martin Feldhofer and
               Sandra Dominikus and
               Johannes Wolkerstorfer},
  title     = {Strong Authentication for RFID Systems Using the AES Algorithm},
  booktitle = {CHES},
  year      = {2004},
  pages     = {357-370}
}

@inproceedings{Norbert:AES,
  author    = {Norbert Pramstaller and
               Stefan Mangard and
               Sandra Dominikus and
               Johannes Wolkerstorfer},
  title     = {Efficient AES Implementations on ASICs and FPGAs},
  booktitle = {AES Conference},
  year      = {2004},
  pages     = {98-112}
}

