@book{Aho:72,
    author  = {Alfred V. Aho and Jeffrey D. Ullman},
    title   = {The Theory of Parsing, Translation and Compiling},
    year    = "1972",
    volume  = "1",
    publisher = {Prentice-Hall},
    address = {Englewood Cliffs, NJ}
}

@book{APA:83,
    author  = {{American Psychological Association}},
    title   = {Publications Manual},
    year    = "1983",
   publisher = {American Psychological Association},
   address = {Washington, DC}
}

@article{ACM:83,
	author = {Association for Computing Machinery},
	year = "1983",
	journal = {Computing Reviews},
	volume = "24",
	number = "11",
	pages = "503--512"
}

@article{Chandra:81,
	author = {Ashok K. Chandra and Dexter C. Kozen and Larry J. Stockmeyer},
	year = "1981",
	title = {Alternation},
	journal = {Journal of the Association for Computing Machinery},
	volume = "28",
	number = "1",
	pages = "114--133",
	doi = "10.1145/322234.322243",
}

@inproceedings{andrew2007scalable,
  title={Scalable training of {L1}-regularized log-linear models},
  author={Andrew, Galen and Gao, Jianfeng},
  booktitle={Proceedings of the 24th International Conference on Machine Learning},
  pages={33--40},
  year={2007},
}

@book{Gusfield:97,
    author  = {Dan Gusfield},
    title   = {Algorithms on Strings, Trees and Sequences},
    year    = "1997",
    publisher = {Cambridge University Press},
    address = {Cambridge, UK}
}

@inproceedings{borsch2011,
	Address = {Canberra, Australia},
	Author = {Benjamin Borschinger and Mark Johnson},
	Booktitle = {Proceedings of the Australasian Language Technology Association Workshop 2011},
	Month = {December},
	Pages = {10--18},
	Title = {A Particle Filter algorithm for {B}ayesian Wordsegmentation},
	Year = {2011}}

@article{rasooli-tetrault-2015,
    author    = {Mohammad Sadegh Rasooli and Joel R. Tetreault},
    title     = {Yara Parser: {A} Fast and Accurate Dependency Parser},
    journal   = {Computing Research Repository},
    volume    = {arXiv:1503.06733},
    year      = {2015},
    url       = {http://arxiv.org/abs/1503.06733},
    note    = {version 2}
}

@article{Ando2005,
	Acmid = {1194905},
	Author = {Ando, Rie Kubota and Zhang, Tong},
	Issn = {1532-4435},
	Issue_Date = {12/1/2005},
	Journal = {Journal of Machine Learning Research},
	Month = dec,
	Numpages = {37},
	Pages = {1817--1853},
	Publisher = {JMLR.org},
	Title = {A Framework for Learning Predictive Structures from Multiple Tasks and Unlabeled Data},
	Volume = {6},
	Year = {2005}}

@InProceedings{P16-1001,
  author =	"Goodman, James
  	 and Vlachos, Andreas
	     and Naradowsky, Jason",
  title =    "Noise reduction and targeted exploration in imitation learning for      Abstract Meaning Representation parsing    ",
  booktitle = 	    "Proceedings of the 54th Annual Meeting of the Association for      Computational Linguistics (Volume 1: Long Papers)    ",
  year =    "2016",
  publisher =	"Association for Computational Linguistics",
  pages =   "1--11",
  location =	"Berlin, Germany",
  doi =    "10.18653/v1/P16-1001",
  url =    "http://aclweb.org/anthology/P16-1001"
}

@InProceedings{C14-1001,
  author =	"Harper, Mary",
  title = 	"Learning from 26 Languages: Program Management and Science in the Babel Program",
  booktitle = 	"Proceedings of COLING 2014, the 25th International Conference on Computational Linguistics: Technical Papers",
  year =    "2014",
  publisher =	"Dublin City University and Association for Computational Linguistics",
  pages =   "1",
  location =	"Dublin, Ireland",
  url =    "http://aclweb.org/anthology/C14-1001"
}
@inproceedings{meehan1977tale,
  title={TALE-SPIN, An Interactive Program that Writes Stories.},
  author={Meehan, James R},
  booktitle={IJCAI},
  pages={91--98},
  year={1977}
}

@article{chambers2008unsupervised,
  title={Unsupervised learning of narrative event chains},
  author={Chambers, Nathanael and Jurafsky, Dan},
  journal={ACL},
  pages={789--797},
  year={2008}
}

@inproceedings{mostafazadeh2016corpus,
  title={A Corpus and Cloze Evaluation for Deeper Understanding of Commonsense Stories},
  author={Mostafazadeh, Nasrin and Chambers, Nathanael and He, Xiaodong and Parikh, Devi and Batra, Dhruv and Vanderwende, Lucy and Kohli, Pushmeet and Allen, James},
  booktitle={NAACL},
  pages={839--849},
  year={2016}
}

@article{mostafazadeh2016story,
  title={Story Cloze Evaluator: Vector Space Representation Evaluation by Predicting What Happens Next},
  author={Mostafazadeh, Nasrin and Vanderwende, Lucy and Yih, Wen-tau and Kohli, Pushmeet and Allen, James},
  journal={ACL 2016},
  pages={24},
  year={2016}
}

@inproceedings{bugert2017lsdsem,
  title={{LSDSem} 2017: Exploring data generation methods for the story cloze test},
  author={Bugert, Michael and Puzikov, Yevgeniy and R{\"u}ckl{\'e}, Andreas and Eckle-Kohler, Judith and Martin, Teresa and Mart{\'\i}nez-C{\'a}mara, Eugenio and Sorokin, Daniil and Peyrard, Maxime and Gurevych, Iryna},
  booktitle={LSDSem},
  pages={56--61},
  year={2017}
}

@inproceedings{cai2017pay,
  title={Pay attention to the ending: Strong neural baselines for the roc story cloze task},
  author={Cai, Zheng and Tu, Lifu and Gimpel, Kevin},
  booktitle={ACL},
  volume={2},
  pages={616--622},
  year={2017}
}

@inproceedings{wang2017conditional,
  title={Conditional Generative Adversarial Networks for Commonsense Machine Comprehension.},
  author={Wang, Bingning and Liu, Kang and Zhao, Jun},
  booktitle={IJCAI},
  pages={4123--4129},
  year={2017}
}

@inproceedings{roemmele2017rnn,
  title={An rnn-based binary classifier for the story cloze test},
  author={Roemmele, Melissa and Kobayashi, Sosuke and Inoue, Naoya and Gordon, Andrew},
  booktitle={LSDSem},
  pages={74--80},
  year={2017}
}

@article{chen2018incorporating,
  author    = {Jiaao Chen and
               Jianshu Chen and
               Zhou Yu},
  title     = {Incorporating Structured Commonsense Knowledge in Story Completion},
  journal   = {CoRR},
  volume    = {abs/1811.00625},
  year      = {2018}
}

@inproceedings{speer2017conceptnet,
  title={Conceptnet 5.5: An open multilingual graph of general knowledge},
  author={Speer, Robert and Chin, Joshua and Havasi, Catherine},
  booktitle={AAAI},
  year={2017}
}


@article{loper2002nltk,
  title={NLTK: the natural language toolkit},
  author={Loper, Edward and Bird, Steven},
  journal={arXiv preprint cs/0205028},
  year={2002}
}

@inproceedings{mihaylov2017story,
  title={Story Cloze Ending Selection Baselines and Data Examination},
  author={Mihaylov, Todor and Frank, Anette},
  booktitle={LSDSem},
  pages={87--92},
  year={2017}
}

@inproceedings{liu2018knowledge,
  title={Knowledge diffusion for neural dialogue generation},
  author={Liu, Shuman and Chen, Hongshen and Ren, Zhaochun and Feng, Yang and Liu, Qun and Yin, Dawei},
  booktitle={ACL},
  pages={1489--1498},
  year={2018}
}

@article{zhou2019story,
author = {Zhou, Mantong and Huang, Minlie and Zhu, Xiaoyan},
year = {2019},
month = {01},
pages = {1-1},
title = {Story Ending Selection by Finding Hints from Pairwise Candidate Endings},
volume = {PP},
journal = {IEEE/ACM Transactions on Audio, Speech, and Language Processing},
}

@inproceedings{kiros2015skip,
  title={Skip-thought vectors},
  author={Kiros, Ryan and Zhu, Yukun and Salakhutdinov, Ruslan R and Zemel, Richard and Urtasun, Raquel and Torralba, Antonio and Fidler, Sanja},
  booktitle={NIPS},
  pages={3294--3302},
  year={2015}
}

@article{rajpurkar2018know,
  title={Know What You Don't Know: Unanswerable Questions for SQuAD},
  author={Rajpurkar, Pranav and Jia, Robin and Liang, Percy},
  journal={arXiv preprint arXiv:1806.03822},
  year={2018}
}

@inproceedings{hermann2015teaching,
  title={Teaching machines to read and comprehend},
  author={Hermann, Karl Moritz and Kocisky, Tomas and Grefenstette, Edward and Espeholt, Lasse and Kay, Will and Suleyman, Mustafa and Blunsom, Phil},
  booktitle={NIPS},
  pages={1693--1701},
  year={2015}
}

@inproceedings{schwartz2017story,
  title={Story cloze task: Uw nlp system},
  author={Schwartz, Roy and Sap, Maarten and Konstas, Ioannis and Zilles, Leila and Choi, Yejin and Smith, Noah A},
  booktitle={LSDSem},
  pages={52--55},
  year={2017}
}

@inproceedings{chaturvedi2017story,
  title={Story comprehension for predicting what happens next},
  author={Chaturvedi, Snigdha and Peng, Haoruo and Roth, Dan},
  booktitle={EMNLP},
  pages={1603--1614},
  year={2017}
}


@inproceedings{manning2014stanford,
  title={The Stanford CoreNLP natural language processing toolkit},
  author={Manning, Christopher and Surdeanu, Mihai and Bauer, John and Finkel, Jenny and Bethard, Steven and McClosky, David},
  booktitle={ACL},
  pages={55--60},
  year={2014}
}

@inproceedings{sharma2018tackling,
  author    = {Rishi Sharma and
               James Allen and
               Omid Bakhshandeh and
               Nasrin Mostafazadeh},
  title     = {Tackling the Story Ending Biases in The Story Cloze Test},
  booktitle = {ACL},
  year      = {2018},
 }
@inproceedings{srinivasan2018simple,
  author    = {Siddarth Srinivasan and
               Richa Arora and
               Mark Riedl},
  title     = {A Simple and Effective Approach to the Story Cloze Test},
  booktitle = {ACL},
  year      = {2018},
}

@techreport{radford2018improving,
  title={Improving language understanding with unsupervised learning},
  author={Radford, Alec and Narasimhan, Karthik and Salimans, Time and Sutskever, Ilya},
  year={2018},
  institution={Technical report, OpenAI}
}

@inproceedings{li2018multi,
  author    = {Qian Li and
               Ziwei Li and
               Jin{-}Mao Wei and
               Yanhui Gu and
               Adam Jatowt and
               Zhenglu Yang},
  title     = {A Multi-Attention based Neural Network with External Knowledge for
               Story Ending Predicting Task},
  booktitle = {COLING},
  year      = {2018}
  }

@inproceedings{huang2013learning,
  title={Learning deep structured semantic models for web search using clickthrough data},
  author={Huang, Po-Sen and He, Xiaodong and Gao, Jianfeng and Deng, Li and Acero, Alex and Heck, Larry},
  booktitle={CIKM},
  pages={2333--2338},
  year={2013},
}

@inproceedings{mikolov2013distributed,
  title={Distributed representations of words and phrases and their compositionality},
  author={Mikolov, Tomas and Sutskever, Ilya and Chen, Kai and Corrado, Greg S and Dean, Jeff},
  booktitle={NIPS},
  pages={3111--3119},
  year={2013}
}

@article{guan2018story,
  title={Story ending generation with incremental encoding and commonsense knowledge},
  author={Guan, Jian and Wang, Yansen and Huang, Minlie},
  journal={arXiv preprint arXiv:1808.10113},
  year={2018}
}



@inproceedings{event,
  author    = {Hongyu Lin and
               Le Sun and
               Xianpei Han},
  title     = {Reasoning with Heterogeneous Knowledge for Commonsense Machine Comprehension},
  booktitle = {EMNLP},
  year      = {2017},
}

@inproceedings{ferraro2016unified,
  title={A unified Bayesian model of scripts, frames and language},
  author={Ferraro, Francis and Van Durme, Benjamin},
  booktitle={Thirtieth AAAI Conference on Artificial Intelligence},
  year={2016}
}

@article{prince1987dictionary,
  title={A Dictionary of Narratology. Lincoln},
  author={Prince, Gerald},
  journal={U of Nebraska P},
  year={1987}
}

@inproceedings{orr2014learning,
  title={Learning scripts as hidden markov models},
  author={Orr, John Walker and Tadepalli, Prasad and Doppa, Janardhan Rao and Fern, Xiaoli and Dietterich, Thomas G},
  booktitle={Twenty-Eighth AAAI Conference on Artificial Intelligence},
  year={2014}
}

@inproceedings{pichotta2016learning,
  title={Learning statistical scripts with LSTM recurrent neural networks},
  author={Pichotta, Karl and Mooney, Raymond J},
  booktitle={Thirtieth AAAI Conference on Artificial Intelligence},
  year={2016}
}

@inproceedings{peng2017joint,
  title={A joint model for semantic sequences: Frames, entities, sentiments},
  author={Peng, Haoruo and Chaturvedi, Snigdha and Roth, Dan},
  booktitle={Proceedings of the 21st Conference on Computational Natural Language Learning (CoNLL 2017)},
  pages={173--183},
  year={2017}
}

@article{devlin2018bert,
  title={Bert: Pre-training of deep bidirectional transformers for language understanding},
  author={Devlin, Jacob and Chang, Ming-Wei and Lee, Kenton and Toutanova, Kristina},
  journal={arXiv preprint arXiv:1810.04805},
  year={2018}
}

@inproceedings{zhu2015aligning,
  title={Aligning books and movies: Towards story-like visual explanations by watching movies and reading books},
  author={Zhu, Yukun and Kiros, Ryan and Zemel, Rich and Salakhutdinov, Ruslan and Urtasun, Raquel and Torralba, Antonio and Fidler, Sanja},
  booktitle={Proceedings of the IEEE international conference on computer vision},
  pages={19--27},
  year={2015}
}

@inproceedings{ostermann2018mcscript,
  title={MCScript: A Novel Dataset for Assessing Machine Comprehension Using Script Knowledge},
  author={Ostermann, Simon and Modi, Ashutosh and Roth, Michael and Thater, Stefan and Pinkal, Manfred},
  booktitle={Proceedings of the Eleventh International Conference on Language Resources and Evaluation (LREC-2018)},
  year={2018}
}

@book{schank2013scripts,
  title={Scripts, plans, goals, and understanding: An inquiry into human knowledge structures},
  author={Schank, Roger C and Abelson, Robert P},
  year={2013},
  publisher={Psychology Press}
}

@inproceedings{chambers2008jointly,
  title={Jointly combining implicit constraints improves temporal ordering},
  author={Chambers, Nathanael and Jurafsky, Dan},
  booktitle={Proceedings of the Conference on Empirical Methods in Natural Language Processing},
  pages={698--706},
  year={2008},
  organization={Association for Computational Linguistics}
}

@inproceedings{chambers2009unsupervised,
  title={Unsupervised learning of narrative schemas and their participants},
  author={Chambers, Nathanael and Jurafsky, Dan},
  booktitle={Proceedings of the Joint Conference of the 47th Annual Meeting of the ACL and the 4th International Joint Conference on Natural Language Processing of the AFNLP: Volume 2-Volume 2},
  pages={602--610},
  year={2009},
  organization={Association for Computational Linguistics}
}

@inproceedings{regneri2011learning,
  title={Learning script participants from unlabeled data},
  author={Regneri, Michaela and Koller, Alexander and Ruppenhofer, Josef and Pinkal, Manfred},
  booktitle={Proceedings of the International Conference Recent Advances in Natural Language Processing 2011},
  pages={463--470},
  year={2011}
}

@inproceedings{lin2017reasoning,
  title={Reasoning with heterogeneous knowledge for commonsense machine comprehension},
  author={Lin, Hongyu and Sun, Le and Han, Xianpei},
  booktitle={Proceedings of the 2017 Conference on Empirical Methods in Natural Language Processing},
  pages={2032--2043},
  year={2017}
}

@inproceedings{chambers2011template,
  title={Template-based information extraction without the templates},
  author={Chambers, Nathanael and Jurafsky, Dan},
  booktitle={Proceedings of the 49th Annual Meeting of the Association for Computational Linguistics: Human Language Technologies-Volume 1},
  pages={976--986},
  year={2011},
  organization={Association for Computational Linguistics}
}

@inproceedings{balasubramanian2013generating,
  title={Generating coherent event schemas at scale},
  author={Balasubramanian, Niranjan and Soderland, Stephen and Etzioni, Oren and others},
  booktitle={Proceedings of the 2013 Conference on Empirical Methods in Natural Language Processing},
  pages={1721--1731},
  year={2013}
}

@inproceedings{sha2016joint,
  title={Joint Learning Templates and Slots for Event Schema Induction},
  author={Sha, Lei and Li, Sujian and Chang, Baobao and Sui, Zhifang},
  booktitle={Proceedings of NAACL-HLT},
  pages={428--434},
  year={2016}
}

@inproceedings{huang2016liberal,
  title={Liberal event extraction and event schema induction},
  author={Huang, Lifu and Cassidy, Taylor and Feng, Xiaocheng and Ji, Heng and Voss, Clare R and Han, Jiawei and Sil, Avirup},
  booktitle={Proceedings of the 54th Annual Meeting of the Association for Computational Linguistics (Volume 1: Long Papers)},
  volume={1},
  pages={258--268},
  year={2016}
}

@article{pichotta2014statistical,
  title={Statistical Script Learning with Multi-Argument Events},
  author={Pichotta, Karl and Mooney, Raymond J},
  journal={EACL 2014},
  pages={220},
  year={2014}
}


@article{pichotta2016statistical,
  title={Statistical Script Learning with Recurrent Neural Networks},
  author={Pichotta, Karl and Mooney, Raymond J},
  journal={EMNLP 2016},
  pages={11},
  year={2016}
}

@inproceedings{hu2017happens,
  title={What happens next? Future subevent prediction using contextual hierarchical LSTM},
  author={Hu, Linmei and Li, Juanzi and Nie, Liqiang and Li, Xiao-Li and Shao, Chao},
  booktitle={Thirty-First AAAI Conference on Artificial Intelligence},
  year={2017}
}

@inproceedings{rudinger2015script,
  title={Script induction as language modeling},
  author={Rudinger, Rachel and Rastogi, Pushpendre and Ferraro, Francis and Van Durme, Benjamin},
  booktitle={Proceedings of the 2015 Conference on Empirical Methods in Natural Language Processing},
  pages={1681--1686},
  year={2015}
}

@inproceedings{mihaylov2018knowledgeable,
  author    = {Todor Mihaylov and
               Anette Frank},
  title     = {Knowledgeable Reader: Enhancing Cloze-Style Reading Comprehension
               with External Commonsense Knowledge},
  booktitle = {Proceedings of the 56th Annual Meeting of the Association for Computational
               Linguistics, {ACL} 2018, Melbourne, Australia, July 15-20, 2018, Volume
               1: Long Papers},
  pages     = {821--832},
  year      = {2018}
}

@inproceedings{mooney1985learning,
  author    = {Raymond J. Mooney and
               Gerald DeJong},
  title     = {Learning Schemata for Natural Language Processing},
  booktitle = {Proceedings of the 9th International Joint Conference on Artificial
               Intelligence. Los Angeles, CA, USA, August 1985},
  pages     = {681--687},
  year      = {1985}
  
}

@inproceedings{peng2016two,
  author    = {Haoruo Peng and
               Dan Roth},
  title     = {Two Discourse Driven Language Models for Semantics},
  booktitle = {Proceedings of the 54th Annual Meeting of the Association for Computational
               Linguistics, {ACL} 2016, August 7-12, 2016, Berlin, Germany, Volume
               1: Long Papers},
  year      = {2016}
}

@inproceedings{pichotta2016using,
  author    = {Karl Pichotta and
               Raymond J. Mooney},
  title     = {Using Sentence-Level {LSTM} Language Models for Script Inference},
  booktitle = {Proceedings of the 54th Annual Meeting of the Association for Computational
               Linguistics, {ACL} 2016, August 7-12, 2016, Berlin, Germany, Volume
               1: Long Papers},
  year      = {2016}
  }
  
  @inproceedings{speer2017conceptnet_2,
  author    = {Robert Speer and
               Joanna Lowry{-}Duda},
  title     = {ConceptNet at SemEval-2017 Task 2: Extending Word Embeddings with
               Multilingual Relational Knowledge},
  booktitle = {Proceedings of the 11th International Workshop on Semantic Evaluation,
               SemEval@ACL 2017, Vancouver, Canada, August 3-4, 2017},
  pages     = {85--89},
  year      = {2017}}