@book{beck1996beck,
 author = {Beck, Aaron T and Steer, Robert A and Brown, Gregory K},
 publisher = {Pearson},
 title = {Beck depression inventory (BDI-II)},
 year = {1996}
}

@article{blei2003latent,
 author = {Blei, David M and Ng, Andrew Y and Jordan, Michael I},
 journal = {the Journal of machine Learning research},
 title = {Latent dirichlet allocation},
 year = {2003}
}

@article{bucur2021early,
 author = {Bucur, Ana-Maria and Cosma, Adrian and Dinu, Liviu P},
 journal = {arXiv preprint arXiv:2106.16175},
 title = {Early risk detection of pathological gambling, self-harm and depression using bert},
 year = {2021}
}

@article{devlin2018bert,
 author = {Devlin, Jacob and Chang, Ming-Wei and Lee, Kenton and Toutanova, Kristina},
 journal = {arXiv preprint arXiv:1810.04805},
 title = {Bert: Pre-training of deep bidirectional transformers for language understanding},
 year = {2018}
}

@article{dinkel2019text,
 author = {Dinkel, Heinrich and Wu, Mengyue and Yu, Kai},
 journal = {arXiv preprint arXiv:1904.05154},
 title = {Text-based depression detection on sparse data},
 year = {2019}
}

@article{edition2013diagnostic,
 author = {Edition, Fifth and others},
 journal = {Am Psychiatric Assoc},
 title = {Diagnostic and statistical manual of mental disorders},
 year = {2013}
}

@article{eichstaedt2018facebook,
 author = {Eichstaedt, Johannes C and Smith, Robert J and Merchant, Raina M and Ungar, Lyle H and Crutchley, Patrick and Preo{\c{t}}iuc-Pietro, Daniel and Asch, David A and Schwartz, H Andrew},
 journal = {Proceedings of the National Academy of Sciences},
 title = {Facebook language predicts depression in medical records},
 year = {2018}
}

@inproceedings{ernala2019methodological,
 author = {Ernala, Sindhu Kiranmai and Birnbaum, Michael L and Candan, Kristin A and Rizvi, Asra F and Sterling, William A and Kane, John M and De Choudhury, Munmun},
 booktitle = {Proceedings of the 2019 chi conference on human factors in computing systems},
 title = {Methodological gaps in predicting mental health states from social media: triangulating diagnostic signals},
 year = {2019}
}

@inproceedings{gratch2014distress,
 author = {Gratch, Jonathan and Artstein, Ron and Lucas, Gale and Stratou, Giota and Scherer, Stefan and Nazarian, Angela and Wood, Rachel and Boberg, Jill and DeVault, David and Marsella, Stacy and others},
 booktitle = {Proc. of LREC},
 title = {The distress analysis interview corpus of human and computer interviews},
 year = {2014}
}

@inproceedings{gui2019cooperative,
 author = {Gui, Tao and Zhu, Liang and Zhang, Qi and Peng, Minlong and Zhou, Xu and Ding, Keyu and Chen, Zhigang},
 booktitle = {Proc. of AAAI},
 title = {Cooperative multimodal approach to depression detection in Twitter},
 year = {2019}
}

@inproceedings{guntuku2019twitter,
 author = {Guntuku, Sharath Chandra and Preotiuc-Pietro, Daniel and Eichstaedt, Johannes C and Ungar, Lyle H},
 booktitle = {Proc. of AAAI},
 title = {What twitter profile and posted images reveal about depression and anxiety},
 year = {2019}
}

@incollection{hamilton1986hamilton,
 author = {Hamilton, Max},
 booktitle = {Assessment of depression},
 title = {The Hamilton rating scale for depression},
 year = {1986}
}

@inproceedings{harrigian2020models,
 author = {Harrigian, Keith and Aguirre, Carlos and Dredze, Mark},
 booktitle = {Proc. of EMNLP},
 title = {Do Models of Mental Health Based on Social Media Data Generalize?},
 year = {2020}
}

@article{kroenke2001phq,
 author = {Kroenke, Kurt and Spitzer, Robert L and Williams, Janet BW},
 journal = {Journal of general internal medicine},
 title = {The PHQ-9: validity of a brief depression severity measure},
 year = {2001}
}

@article{Lenore1977CES-D,
 author = {Lenore Sawyer Radloff},
 journal = {Applied Psychological Measurement},
 title = {The CES-D Scale: A Self-Report Depression Scale for Research in the General Population},
 year = {1977}
}

@article{lewinsohn1997center,
 author = {Lewinsohn, Peter M and Seeley, John R and Roberts, Robert E and Allen, Nicholas B},
 journal = {Psychology and aging},
 title = {Center for Epidemiologic Studies Depression Scale (CES-D) as a screening instrument for depression among community-residing older adults.},
 year = {1997}
}

@inproceedings{lewis2020bart,
 author = {Lewis, Mike and Liu, Yinhan and Goyal, Naman and Ghazvininejad, Marjan and Mohamed, Abdelrahman and Levy, Omer and Stoyanov, Veselin and Zettlemoyer, Luke},
 booktitle = {Proc. of ACL},
 title = {BART: Denoising Sequence-to-Sequence Pre-training for Natural Language Generation, Translation, and Comprehension},
 year = {2020}
}

@inproceedings{losada2016test,
 author = {Losada, David E and Crestani, Fabio},
 booktitle = {International Conference of the Cross-Language Evaluation Forum for European Languages},
 title = {A test collection for research on depression and language use},
 year = {2016}
}

@inproceedings{losada2017erisk,
 author = {Losada, David E and Crestani, Fabio and Parapar, Javier},
 booktitle = {International Conference of the Cross-Language Evaluation Forum for European Languages},
 title = {eRISK 2017: CLEF lab on early risk prediction on the internet: experimental foundations},
 year = {2017}
}

@inproceedings{losada2019overview,
 author = {Losada, David E and Crestani, Fabio and Parapar, Javier},
 booktitle = {International Conference of the Cross-Language Evaluation Forum for European Languages},
 title = {Overview of erisk 2019 early risk prediction on the internet},
 year = {2019}
}

@article{mowery2017understanding,
 author = {Mowery, Danielle and Smith, Hilary and Cheney, Tyler and Stoddard, Greg and Coppersmith, Glen and Bryan, Craig and Conway, Mike},
 journal = {Journal of medical Internet research},
 title = {Understanding depressive symptoms and psychosocial stressors on Twitter: a corpus-based study},
 year = {2017}
}

@article{pennebaker2001linguistic,
 author = {Pennebaker, James W and Francis, Martha E and Booth, Roger J},
 journal = {Mahway: Lawrence Erlbaum Associates},
 title = {Linguistic inquiry and word count: LIWC 2001},
 year = {2001}
}

@inproceedings{reimers-2019-sentence-bert,
 author = {Reimers, Nils and Gurevych, Iryna},
 booktitle = {Proc. of EMNLP},
 title = {Sentence-BERT: Sentence Embeddings using Siamese BERT-Networks},
 year = {2019}
}

@inproceedings{ribeiro2020beyond,
 author = {Ribeiro, Marco Tulio and Wu, Tongshuang and Guestrin, Carlos and Singh, Sameer},
 booktitle = {Proc. of ACL},
 title = {Beyond Accuracy: Behavioral Testing of NLP Models with CheckList},
 year = {2020}
}

@inproceedings{shen2017depression,
 author = {Shen, Guangyao and Jia, Jia and Nie, Liqiang and Feng, Fuli and Zhang, Cunjun and Hu, Tianrui and Chua, Tat-Seng and Zhu, Wenwu},
 booktitle = {Proc. of IJCAI},
 title = {Depression Detection via Harvesting Social Media: A Multimodal Dictionary Learning Solution.},
 year = {2017}
}

@article{trotzek2018utilizing,
 author = {Trotzek, Marcel and Koitka, Sven and Friedrich, Christoph M},
 journal = {IEEE Transactions on Knowledge and Data Engineering},
 title = {Utilizing neural networks and linguistic metadata for early detection of depression indications in text sequences},
 year = {2018}
}

@inproceedings{vaswani2017attention,
 author = {Vaswani, Ashish and Shazeer, Noam and Parmar, Niki and Uszkoreit, Jakob and Jones, Llion and Gomez, Aidan N and Kaiser, {\L}ukasz and Polosukhin, Illia},
 booktitle = {Proc. of NeurIPS},
 title = {Attention is all you need},
 year = {2017}
}

@inproceedings{wolohan2018detecting,
 author = {Wolohan, JT and Hiraga, Misato and Mukherjee, Atreyee and Sayyed, Zeeshan Ali and Millard, Matthew},
 booktitle = {Proceedings of the First International Workshop on Language Cognition and Computational Models},
 title = {Detecting linguistic traces of depression in topic-restricted text: Attending to self-stigmatized depression with NLP},
 year = {2018}
}

@inproceedings{yang2016hierarchical,
 author = {Yang, Zichao and Yang, Diyi and Dyer, Chris and He, Xiaodong and Smola, Alex and Hovy, Eduard},
 booktitle = {Proc. of ACL},
 title = {Hierarchical attention networks for document classification},
 year = {2016}
}

@inproceedings{yates2017depression,
 author = {Yates, Andrew and Cohan, Arman and Goharian, Nazli},
 booktitle = {Proc. of EMNLP},
 title = {Depression and Self-Harm Risk Assessment in Online Forums},
 year = {2017}
}

@article{zhou2021detecting,
 author = {Zhou, Jianlong and Zogan, Hamad and Yang, Shuiqiao and Jameel, Shoaib and Xu, Guandong and Chen, Fang},
 journal = {IEEE Transactions on Computational Social Systems},
 title = {Detecting community depression dynamics due to covid-19 pandemic in australia},
 year = {2021}
}

@article{zogan2021depressionnet,
 author = {Zogan, Hamad and Razzak, Imran and Jameel, Shoaib and Xu, Guandong},
 journal = {arXiv preprint arXiv:2105.10878},
 title = {DepressionNet: A Novel Summarization Boosted Deep Framework for Depression Detection on Social Media},
 year = {2021}
}

@misc{zogan2021explainable,
 archivePrefix = {arXiv},
 author = {Hamad Zogan and Imran Razzak and Xianzhi Wang and Shoaib Jameel and Guandong Xu},
 eprint = {2007.02847},
 primaryClass = {cs.IR},
 title = {Explainable Depression Detection with Multi-Modalities Using a Hybrid Deep Learning Model on Social Media},
 year = {2021}
}

@article{zung1965self,
 author = {Zung, William WK},
 journal = {Archives of general psychiatry},
 title = {A self-rating depression scale},
 year = {1965}
}

@article{mazza2020anxiety,
  title={Anxiety and depression in COVID-19 survivors: Role of inflammatory and clinical predictors},
  author={Mazza, Mario Gennaro and De Lorenzo, Rebecca and Conte, Caterina and Poletti, Sara and Vai, Benedetta and Bollettini, Irene and Melloni, Elisa Maria Teresa and Furlan, Roberto and Ciceri, Fabio and Rovere-Querini, Patrizia and others},
  journal={Brain, behavior, and immunity},
  volume={89},
  pages={594--600},
  year={2020},
  publisher={Elsevier}
}
