@inproceedings{takahashi2012rumor,
  title={Rumor detection on twitter},
  author={Takahashi, Tetsuro and Igata, Nobuyuki},
  booktitle={Soft Computing and Intelligent Systems (SCIS) and 13th International Symposium on Advanced Intelligent Systems (ISIS), 2012 Joint 6th International Conference on},
  pages={452--457},
  year={2012},
  organization={IEEE}
}
@inproceedings{yang2012automatic,
  title={Automatic detection of rumor on Sina Weibo},
  author={Yang, Fan and Liu, Yang and Yu, Xiaohui and Yang, Min},
  booktitle={Proceedings of the ACM SIGKDD Workshop on Mining Data Semantics},
  pages={13},
  year={2012},
  organization={ACM}
}
@inproceedings{hassan2010s,
  title={What's with the attitude?: identifying sentences with attitude in online discussions},
  author={Hassan, Ahmed and Qazvinian, Vahed and Radev, Dragomir},
  booktitle={Proceedings of the 2010 Conference on Empirical Methods in Natural Language Processing},
  pages={1245--1255},
  year={2010},
  organization={Association for Computational Linguistics}
}
@inproceedings{mendoza2010twitter,
  title={Twitter under crisis: can we trust what we {RT}?},
  author={Mendoza, Marcelo and Poblete, Barbara and Castillo, Carlos},
  booktitle={Proceedings of the first workshop on social media analytics},
  pages={71--79},
  year={2010},
  organization={ACM}
}
@inproceedings{qazvinian2011rumor,
  title={Rumor has it: Identifying misinformation in microblogs},
  author={Qazvinian, Vahed and Rosengren, Emily and Radev, Dragomir R and Mei, Qiaozhu},
  booktitle={Proceedings of the Conference on Empirical Methods in Natural Language Processing},
  pages={1589--1599},
  year={2011},
  organization={Association for Computational Linguistics}
}
@inproceedings{castillo2011information,
  title={Information credibility on twitter},
  author={Castillo, Carlos and Mendoza, Marcelo and Poblete, Barbara},
  booktitle={Proceedings of the 20th international conference on World wide web},
  pages={675--684},
  year={2011},
  organization={ACM}
}
@article{ratkiewicz2010detecting,
  title={Detecting and tracking the spread of astroturf memes in microblog streams. arXiv preprint},
  author={Ratkiewicz, Jacob and Conover, Michael and Meiss, Mark and Goncalves, Bruno and Patil, Snehal and Flammini, Alessandro and Menczer, Filippo},
  journal={arXiv preprint arXiv:1011.3768},
  year={2010}
}
@inproceedings{okazaki2013extracting,
  title={Extracting and Aggregating False Information from Microblogs},
  author={Okazaki, Naoaki and Nabeshima, Keita and Watanabe, Kento and Mizuno, Junta and Inui, Kentaro},
  booktitle={Proceedings of the Workshop on Language Processing and Crisis Information},
  pages={36--43},
  year={2013}
}
@article{umejima2011tendency,
  title={Tendency of Rumor and Correction Re-tweet on the Twitter during Disasters},
  author={Umejima, Ayana and Miyabe, Mai and Aramaki, Eiji and Nadamoto, Akiyo},
  journal={IPSJ SIG Notes},
  volume={2011},
  number={4},
  pages={1--6},
  year={2011}
}
@incollection{sun2013detecting,
  title={Detecting Event Rumors on Sina Weibo Automatically},
  author={Sun, Shengyun and Liu, Hongyan and He, Jun and Du, Xiaoyong},
  booktitle={Web Technologies and Applications},
  pages={120--131},
  year={2013},
  publisher={Springer}
}
@inproceedings{bao2013new,
  title={A new rumor propagation model and control strategy on social networks},
  author={Bao, Yuanyuan and Yi, Chengqi and Xue, Yibo and Dong, Yingfei},
  booktitle={Proceedings of the 2013 IEEE/ACM International Conference on Advances in Social Networks Analysis and Mining},
  pages={1472--1473},
  year={2013},
  organization={ACM}
}
@inproceedings{jin2013epidemiological,
  title={Epidemiological modeling of news and rumors on Twitter},
  author={Jin, Fang and Dougherty, Edward and Saraf, Parang and Cao, Yang and Ramakrishnan, Naren},
  booktitle={Proceedings of the 7th Workshop on Social Network Mining and Analysis},
  pages={8},
  year={2013},
  organization={ACM}
}
@inproceedings{bodendorf2009detecting,
  title={Detecting opinion leaders and trends in online social networks},
  author={Bodendorf, Freimut and Kaiser, Carolin},
  booktitle={Proceedings of the 2nd ACM workshop on Social web search and mining},
  pages={65--68},
  year={2009},
  organization={ACM}
}
@inproceedings{moschitti2006making,
  title={Making Tree Kernels Practical for Natural Language Learning.},
  author={Moschitti, Alessandro},
  booktitle={Proceedings of the European Chapter of the Association for Computational Linguistics},
   pages={113--120},
  year={2006}
}
@inproceedings{collins2002new,
  title={New ranking algorithms for parsing and tagging: Kernels over discrete structures, and the voted perceptron},
  author={Collins, Michael and Duffy, Nigel},
  booktitle={Proceedings of the 40th annual meeting on association for computational linguistics},
  pages={263--270},
  year={2002},
  organization={Association for Computational Linguistics}
}
@inproceedings{smola2002fast,
  title={Fast kernels on strings and trees.},
  author={Vishwanathan, S.V.N. and Smola, A.J.},
  booktitle={Proceedings of Neural Information Processing Systems},
  year={2002}
}
@incollection{gartner2003graph,
  title={On graph kernels: Hardness results and efficient alternatives},
  author={G{\"a}rtner, Thomas and Flach, Peter and Wrobel, Stefan},
  booktitle={Learning Theory and Kernel Machines},
  pages={129--143},
  year={2003},
  publisher={Springer}
}
@incollection{neuhaus2006random,
  title={A random walk kernel derived from graph edit distance},
  author={Neuhaus, Michel and Bunke, Horst},
  booktitle={Structural, syntactic, and statistical pattern recognition},
  pages={191--199},
  year={2006},
  publisher={Springer}
}
@inproceedings{vishwanathan2006fast,
  title={Fast computation of graph kernels},
  author={Vishwanathan, S.V.N. and Borgwardt, Karsten M and Schraudolph, Nicol N},
  booktitle={Proceedings of Neural Information Processing Systems},
  volume={19},
  pages={131--138},
  year={2006}
}
@book{wright1999numerical,
  title={Numerical optimization},
  author={Wright, SJ and Nocedal, J},
  volume={2},
  year={1999},
  publisher={Springer New York}
}
@unpublished{McCallumMALLET,
      author = "Andrew Kachites McCallum",
      title = "MALLET: A Machine Learning for Language Toolkit",
      note = "http://mallet.cs.umass.edu",
      year = 2002
}

@unpublished{Zhang2014,
      author = "Kevin Zhang",
      title = "{NLPIR}: Natural Language Processing and Information Retrieval Sharing Platform",
      note = "http://ictclas.nlpir.org/",
      year = 2014
}

@unpublished{Dong2007,
      author = "Zhendong Dong",
      title = "{HowNet} Knowledge Database",
      note = "http://www.keenage.com/",
      year = 2007
}

@book{Buhmann:RBF,
  author = {Martin D. Buhmann},
  publisher = {Cambridge University Press},
  title = {Radial Basis Functions: Theory and Implementations},
  year = {2003}
}

@article{BleiNJ03,
  author    = {David M. Blei and
               Andrew Y. Ng and
               Michael I. Jordan},
  title     = {Latent Dirichlet Allocation},
  journal   = {Journal of Machine Learning Research},
  volume    = {3},
  year      = {2003},
  pages     = {993-1022}
}

@inproceedings{KwonCJCW13,
  author    = {Sejeong Kwon and
               Meeyoung Cha and
               Kyomin Jung and
               Wei Chen and
               Yajun Wang},
  title     = {Prominent Features of Rumor Propagation in Online Social
               Media},
  booktitle = {Proceedings of International Conference on Data Mining},
  year      = {2013},
  pages     = {1103-1108}
}

@inproceedings{MorrisCRHS12,
  author    = {Meredith Ringel Morris and
               Scott Counts and
               Asta Roseway and
               Aaron Hoff and
               Julia Schwarz},
  title     = {Tweeting is believing?: understanding microblog credibility
               perceptions},
  booktitle = {Proceedings of Computer-Supported Cooperative Work and Social Computing},
  year      = {2012},
  pages     = {441-450}
}

@article{LibSVM,
 author = {Chang, Chih-Chung and Lin, Chih-Jen},
 title = {{LIBSVM}: A library for support vector machines},
 journal = {ACM Transactions on Intelligent Systems and Technology},
 volume = {2},
 issue = {3},
 year = {2011},
 pages = {27:1--27:27}
}

@misc{website:OxfordDic,
 title= {Oxford English Dictionary},
 howpublished= "\url{http://www.oed.com/view/Entry/168836/}"
}

@misc{website:Twitter,
 title= {Twitter},
 howpublished= "\url{http://www.twitter.com/}"
}

@misc{website:Sina,
 title= {Sina Weibo},
 howpublished= "\url{http://www.weibo.com/}"
}

@misc{website:Huati,
 title= {Sina Weibo Topic},
 howpublished= "\url{http://huati.weibo.com/}"
}

@misc{website:Manage,
 title= {Sina Weibo Community Managing Center},
 howpublished= "\url{http://service.account.weibo.com/}"
}

@article{ekman1992argument,
  title={An argument for basic emotions},
  author={Ekman, Paul},
  journal={Cognition \& Emotion},
  volume={6},
  number={3-4},
  pages={169--200},
  year={1992},
  publisher={Taylor \& Francis}
}

@book{difonzo2007rumor,
  title={Rumor psychology: Social and organizational approaches.},
  author={DiFonzo, Nicholas and Bordia, Prashant},
  year={2007},
  publisher={American Psychological Association}
}

@article{shah2011rumors,
  title={Rumors in a Network: Who's the Culprit?},
  author={Shah, Devavrat and Zaman, Tauhid},
  journal={Information Theory, IEEE Transactions on},
  volume={57},
  number={8},
  pages={5163--5181},
  year={2011},
  publisher={IEEE}
}

@article{zhou2007influence,
  title={Influence of network structure on rumor propagation},
  author={Zhou, Jie and Liu, Zonghua and Li, Baowen},
  journal={Physics Letters A},
  volume={368},
  number={6},
  pages={458--463},
  year={2007},
  publisher={Elsevier}
}

@inproceedings{seo2012identifying,
  title={Identifying rumors and their sources in social networks},
  author={Seo, Eunsoo and Mohapatra, Prasant and Abdelzaher, Tarek},
  booktitle={SPIE Defense, Security, and Sensing},
  pages={83891I--83891I},
  year={2012},
  organization={International Society for Optics and Photonics}
}

@techreport{haussler1999convolution,
  title={Convolution kernels on discrete structures},
  author={Haussler, David},
  year={1999},
  institution={Technical report, Department of Computer Science, University of California at Santa Cruz}
}

@article{gartner2003survey,
  title={A survey of kernels for structured data},
  author={G{\"a}rtner, Thomas},
  journal={ACM SIGKDD Explorations Newsletter},
  volume={5},
  number={1},
  pages={49--58},
  year={2003},
  publisher={ACM}
}

@inproceedings{borgwardt2005shortest,
  title={Shortest-path kernels on graphs},
  author={Borgwardt, Karsten M and Kriegel, H-P},
  booktitle={Data Mining, Fifth IEEE International Conference on},
  pages={8--pp},
  year={2005},
  organization={IEEE}
}

@article{dijkstra1959note,
  title={A note on two problems in connexion with graphs},
  author={Dijkstra, Edsger W},
  journal={Numerische mathematik},
  volume={1},
  number={1},
  pages={269--271},
  year={1959},
  publisher={Springer}
}

@article{floyd1962algorithm,
  title={Algorithm 97: shortest path},
  author={Floyd, Robert W},
  journal={Communications of the ACM},
  volume={5},
  number={6},
  pages={345},
  year={1962},
  publisher={ACM}
}

@article{warshall1962theorem,
  title={A theorem on boolean matrices},
  author={Warshall, Stephen},
  journal={Journal of the ACM (JACM)},
  volume={9},
  number={1},
  pages={11--12},
  year={1962},
  publisher={ACM}
}

@article{vishwanathan2010graph,
  title={Graph kernels},
  author={Vishwanathan, S Vichy N and Schraudolph, Nicol N and Kondor, Risi and Borgwardt, Karsten M},
  journal={The Journal of Machine Learning Research},
  volume={11},
  pages={1201--1242},
  year={2010},
  publisher={JMLR. org}
}

@article{borgwardt2005protein,
  title={Protein function prediction via graph kernels},
  author={Borgwardt, Karsten M and Ong, Cheng Soon and Sch{\"o}nauer, Stefan and Vishwanathan, SVN and Smola, Alex J and Kriegel, Hans-Peter},
  journal={Bioinformatics},
  volume={21},
  number={suppl 1},
  pages={i47--i56},
  year={2005},
  publisher={Oxford Univ Press}
}