@article{cho2014properties,
	title={On the properties of neural machine translation: Encoder-decoder approaches},
	author={Cho, Kyunghyun and Van Merri{\"e}nboer, Bart and Bahdanau, Dzmitry and Bengio, Yoshua},
	journal={Proceedings of SSST-8},
    pages={103--111},
	year={2014}
}

@inproceedings{pennington2014glove,
  title={Glove: Global vectors for word representation},
  author={Pennington, Jeffrey and Socher, Richard and Manning, Christopher},
  booktitle={EMNLP},
  pages={1532--1543},
  year={2014}
}


@inproceedings{luo2015inferring,
  title={Inferring binary relation schemas for open information extraction},
  author={Luo, Kangqi and Luo, Xusheng and Zhu, Kenny},
  booktitle={EMNLP},
  pages={555--560},
  year={2015}
}

@article{cui2017kbqa,
  title={KBQA: learning question answering over QA corpora and knowledge bases},
  author={Cui, Wanyun and Xiao, Yanghua and Wang, Haixun and Song, Yangqiu and Hwang, Seung-won and Wang, Wei},
  journal={Proceedings of the VLDB Endowment},
  volume={10},
  number={5},
  pages={565--576},
  year={2017}
}

@article{hu2018answering,
  title={Answering Natural Language Questions by Subgraph Matching over Knowledge Graphs},
  author={Hu, Sen and Zou, Lei and Yu, Jeffrey Xu and Wang, Haixun and Zhao, Dongyan},
  journal={IEEE Transactions on Knowledge and Data Engineering},
  volume={30},
  number={5},
  pages={824--837},
  year={2018}
}

@inproceedings{yao2015lean,
  title={Lean question answering over freebase from scratch},
  author={Yao, Xuchen},
  booktitle={NAACL},
  pages={66--70},
  year={2015}
}

@inproceedings{yin2016simple,
  title={Simple Question Answering by Attentive Convolutional Neural Network},
  author={Yin, Wenpeng and Yu, Mo and Xiang, Bing and Zhou, Bowen and Sch{\"u}tze, Hinrich},
  booktitle={COLING},
  pages={1746--1756},
  year={2016}
}

@inproceedings{savenkov2016knowledge,
  title={When a knowledge base is not enough: Question answering over knowledge bases with external text data},
  author={Savenkov, Denis and Agichtein, Eugene},
  booktitle={SIGIR},
  pages={235--244},
  year={2016},
}

@inproceedings{abujabal2017automated,
  title={Automated template generation for question answering over knowledge graphs},
  author={Abujabal, Abdalghani and Yahya, Mohamed and Riedewald, Mirek and Weikum, Gerhard},
  booktitle={WWW},
  pages={1191--1200},
  year={2017}
}

@inproceedings{talmor2018web,
  title={The Web as a Knowledge-base for Answering Complex Questions},
  author={Talmor, Alon and Berant, Jonathan},
  booktitle={NAACL-HLT},
  year={2018}
}

@inproceedings{jain2016question,
  title={Question answering over knowledge base using factual memory networks},
  author={Jain, Sarthak},
  booktitle={Proceedings of the NAACL Student Research Workshop},
  pages={109--115},
  year={2016}
}

@article{reddy2016transforming,
  title={Transforming dependency structures to logical forms for semantic parsing},
  author={Reddy, Siva and T{\"a}ckstr{\"o}m, Oscar and Collins, Michael and Kwiatkowski, Tom and Das, Dipanjan and Steedman, Mark and Lapata, Mirella},
  journal={Transactions of the Association for Computational Linguistics},
  volume={4},
  pages={127--140},
  year={2016}
}

@inproceedings{bast2015more,
  title={More accurate question answering on freebase},
  author={Bast, Hannah and Haussmann, Elmar},
  booktitle={CIKM},
  pages={1431--1440},
  year={2015}
}

@inproceedings{cai2013large,
  title={Large-scale Semantic Parsing via Schema Matching and Lexicon Extension.},
  author={Cai, Qingqing and Yates, Alexander},
  booktitle={ACL},
  pages={423--433},
  year={2013}
}

@book{auer2007dbpedia,
  title={Dbpedia: A nucleus for a web of open data},
  author={Auer, S{\"o}ren and Bizer, Christian and Kobilarov, Georgi and Lehmann, Jens and Cyganiak, Richard and Ives, Zachary},
  year={2007},
  publisher={Springer}
}

@inproceedings{suchanek2007yago,
  title={Yago: a core of semantic knowledge},
  author={Suchanek, Fabian M and Kasneci, Gjergji and Weikum, Gerhard},
  booktitle={WWW},
  pages={697--706},
  year={2007},
  organization={ACM}
}

@article{berant2015imitation,
  title={Imitation learning of agenda-based semantic parsers},
  author={Berant, Jonathan and Liang, Percy},
  journal={Transactions of the Association for Computational Linguistics},
  volume={3},
  pages={545--558},
  year={2015}
}

@inproceedings{berant2014semantic,
  title={Semantic parsing via paraphrasing},
  author={Berant, Jonathan and Liang, Percy},
  booktitle={ACL},
  pages={1415--1425},
  year={2014}
}

@inproceedings{berant2013semantic,
  title={Semantic Parsing on Freebase from Question-Answer Pairs.},
  author={Berant, Jonathan and Chou, Andrew and Frostig, Roy and Liang, Percy},
  booktitle={EMNLP},
  pages={1533--1544},
  year={2013}
}

@inproceedings{hao2017end,
	title={An End-to-End Model for Question Answering over Knowledge Base with Cross-Attention Combining Global Knowledge},
	author={Hao, Yanchao and Zhang, Yuanzhe and Liu, Kang and He, Shizhu and Liu, Zhanyi and Wu, Hua and Zhao, Jun},
	booktitle={ACL},
	pages={221--231},
	year={2017}
}

@article{yin2016abcnn,
  title={ABCNN: Attention-Based Convolutional Neural Network for Modeling Sentence Pairs},
  author={Yin, Wenpeng and Sch{\"u}tze, Hinrich and Xiang, Bing and Zhou, Bowen},
  journal={Transactions of the Association of Computational Linguistics},
  volume={4},
  number={1},
  pages={259--272},
  year={2016}
}

@article{luong2015effective,
	title={Effective approaches to attention-based neural machine translation},
	author={Luong, Minh-Thang and Pham, Hieu and Manning, Christopher D},
	journal={EMNLP},
	year={2015}
}

@inproceedings{bahdanau2014neural,
	title={Neural machine translation by jointly learning to align and translate},
	author={Bahdanau, Dzmitry and Cho, Kyunghyun and Bengio, Yoshua},
	booktitle={ICLR},
	year={2015}
}

@inproceedings{bollacker2008freebase,
  title={Freebase: a collaboratively created graph database for structuring human knowledge},
  author={Bollacker, Kurt and Evans, Colin and Paritosh, Praveen and Sturge, Tim and Taylor, Jamie},
  booktitle={SIGMOD},
  pages={1247--1250},
  year={2008}
}

@inproceedings{andreas2016learning,
  title={Learning to Compose Neural Networks for Question Answering},
  author={Andreas, Jacob and Rohrbach, Marcus and Darrell, Trevor and Klein, Dan},
  booktitle={NAACL-HLT},
  pages={1545--1554},
  year={2016}
}

@article{bordes2015large,
  title={Large-scale simple question answering with memory networks},
  author={Bordes, Antoine and Usunier, Nicolas and Chopra, Sumit and Weston, Jason},
  journal={arXiv preprint arXiv:1506.02075},
  year={2015}
}

@inproceedings{bordes2014open,
  title={Open question answering with weakly supervised embedding models},
  author={Bordes, Antoine and Weston, Jason and Usunier, Nicolas},
  booktitle={Joint European Conference on Machine Learning and Knowledge Discovery in Databases},
  pages={165--180},
  year={2014},
  organization={Springer}
}
@inproceedings{bordes2013translating,
  title={Translating embeddings for modeling multi-relational data},
  author={Bordes, Antoine and Usunier, Nicolas and Garcia-Duran, Alberto and Weston, Jason and Yakhnenko, Oksana},
  booktitle={Advances in neural information processing systems},
  pages={2787--2795},
  year={2013}
}
@inproceedings{gardner2017open,
  title={Open-Vocabulary Semantic Parsing with both Distributional Statistics and Formal Knowledge.},
  author={Gardner, Matt and Krishnamurthy, Jayant},
  booktitle={AAAI},
  pages={3195--3201},
  year={2017}
}
@article{golub2016character,
  title={Character-level question answering with attention},
  author={Golub, David and He, Xiaodong},
  journal={Proceedings of the 2016 Conference on Empirical Methods in Natural Language Processing},
  year={2016}
}
@inproceedings{wang2014knowledge,
  title={Knowledge Graph Embedding by Translating on Hyperplanes.},
  author={Wang, Zhen and Zhang, Jianwen and Feng, Jianlin and Chen, Zheng},
  booktitle={AAAI},
  pages={1112--1119},
  year={2014}
}

@inproceedings{yu2017improved,
  title={Improved Neural Relation Detection for Knowledge Base Question Answering},
  author={Yu, Mo and Yin, Wenpeng and Hasan, Kazi Saidul and dos Santos, Cicero and Xiang, Bing and Zhou, Bowen},
  booktitle={ACL},
  pages={571--581},
  year={2017}
}

@inproceedings{yih2015semantic,
  title={Semantic Parsing via Staged Query Graph Generation: Question Answering with Knowledge Base},
  author={Yih, Wen-tau and Chang, Ming-Wei and He, Xiaodong and Gao, Jianfeng},
  booktitle={ACL-IJCNLP},
  pages={1321--1331},
  year={2015}
}

@inproceedings{bao2016constraint,
  title={Constraint-Based Question Answering with Knowledge Graph.},
  author={Bao, Jun-Wei and Duan, Nan and Yan, Zhao and Zhou, Ming and Zhao, Tiejun},
  booktitle={COLING},
  pages={2503--2514},
  year={2016}
}
@inproceedings{lin2015learning,
  title={Learning Entity and Relation Embeddings for Knowledge Graph Completion.},
  author={Lin, Yankai and Liu, Zhiyuan and Sun, Maosong and Liu, Yang and Zhu, Xuan},
  booktitle={AAAI},
  pages={2181--2187},
  year={2015}
}

@inproceedings{yih2014semantic,
  title={Semantic parsing for single-relation question answering},
  author={Yih, Wen-tau and He, Xiaodong and Meek, Christopher},
  booktitle={ACL},
  volume={2},
  pages={643--648},
  year={2014}
}


@inproceedings{wang2016inner,
  title={Inner Attention based Recurrent Neural Networks for Answer Selection.},
  author={Wang, Bingning and Liu, Kang and Zhao, Jun},
  booktitle={ACL (1)},
  year={2016}
}

@inproceedings{clark2016combining,
  title={Combining Retrieval, Statistics, and Inference to Answer Elementary Science Questions.},
  author={Clark, Peter and Etzioni, Oren and Khot, Tushar and Sabharwal, Ashish and Tafjord, Oyvind and Turney, Peter D and Khashabi, Daniel},
  booktitle={AAAI},
  pages={2580--2586},
  year={2016}
}

@inproceedings{xu2016question,
  title={Question Answering on Freebase via Relation Extraction and Textual Evidence},
  author={Xu, Kun and Reddy, Siva and Feng, Yansong and Huang, Songfang and Zhao, Dongyan},
  booktitle={ACL},
  pages={2326--2336},
  year={2016}
}

@inproceedings{dong2015question,
  title={Question Answering over Freebase with Multi-Column Convolutional Neural Networks.},
  author={Dong, Li and Wei, Furu and Zhou, Ming and Xu, Ke},
  booktitle={ACL (1)},
  pages={260--269},
  year={2015}
}

@article{yin2017type,
  title={Type-Aware Question Answering over Knowledge Base with Attention-Based Tree-Structured Neural Networks},
  author={Yin, Jun and Zhao, Wayne Xin and Li, Xiao-Ming},
  journal={Journal of Computer Science and Technology},
  volume={32},
  number={4},
  pages={805--813},
  year={2017},
  publisher={Springer}
}

@inproceedings{vaswani2017attention,
  title={Attention is all you need},
  author={Vaswani, Ashish and Shazeer, Noam and Parmar, Niki and Uszkoreit, Jakob and Jones, Llion and Gomez, Aidan N and Kaiser, {\L}ukasz and Polosukhin, Illia},
  booktitle={Advances in Neural Information Processing Systems},
  pages={6000--6010},
  year={2017}
}

@inproceedings{yao2014information,
  title={Information extraction over structured data: Question answering with freebase},
  author={Yao, Xuchen and Van Durme, Benjamin},
  booktitle={ACL},
  pages={956--966},
  year={2014}
}

@article{qu2018question,
  title={Question Answering over Freebase via Attentive RNN with Similarity Matrix based CNN},
  author={Qu, Yingqi and Liu, Jie and Kang, Liangyi and Shi, Qinfeng and Ye, Dan},
  journal={arXiv preprint arXiv:1804.03317},
  year={2018}
}

@inproceedings{yang2015s,
  title={S-MART: Novel Tree-based Structured Learning Algorithms Applied to Tweet Entity Linking},
  author={Yang, Yi and Chang, Ming-Wei},
  booktitle={ACL-IJCNLP},
  pages={504--513},
  year={2015}
}

@inproceedings{unger2012template,
  title={Template-based question answering over RDF data},
  author={Unger, Christina and B{\"u}hmann, Lorenz and Lehmann, Jens and Ngonga Ngomo, Axel-Cyrille and Gerber, Daniel and Cimiano, Philipp},
  booktitle={WWW},
  pages={639--648},
  year={2012},
  organization={ACM}
}
