% Use this file for citations not found in the ACL Anthology (contained in "anthology.bib").

@inproceedings{chen2021structure,
	author    = {Jiaao Chen and
	Diyi Yang},
	title     = {Structure-Aware Abstractive Conversation Summarization via Discourse
	and Action Graphs},
	booktitle = {NAACL-HLT},
	pages     = {1380--1391},
	publisher = {Association for Computational Linguistics},
	year      = {2021},
	doi       = {10.18653/v1/2021.naacl-main.109},
}

@inproceedings{hermann2015teaching,
	author    = {Karl Moritz Hermann and
	Tom{\'{a}}s Kocisk{\'{y}} and
	Edward Grefenstette and
	Lasse Espeholt and
	Will Kay and
	Mustafa Suleyman and
	Phil Blunsom},
	title     = {Teaching Machines to Read and Comprehend},
	booktitle = {NeurIPS},
	pages     = {1693--1701},
	year      = {2015},
}

@inproceedings{narayan2018don,
	author    = {Shashi Narayan and
	Shay B. Cohen and
	Mirella Lapata},
	title     = {Don't Give Me the Details, Just the Summary! Topic-Aware Convolutional
	Neural Networks for Extreme Summarization},
	booktitle = {EMNLP},
	pages     = {1797--1807},
	publisher = {Association for Computational Linguistics},
	year      = {2018},
	doi       = {10.18653/v1/d18-1206}
}

@article{sun2019dream,
	author    = {Kai Sun and
	Dian Yu and
	Jianshu Chen and
	Dong Yu and
	Yejin Choi and
	Claire Cardie},
	title     = {{DREAM:} {A} Challenge Dataset and Models for Dialogue-Based Reading
	Comprehension},
	journal   = {Trans. Assoc. Comput. Linguistics},
	volume    = {7},
	pages     = {217--231},
	year      = {2019},
}

@inproceedings{xu2020learning,
	author    = {Ruijian Xu and
	Chongyang Tao and
	Daxin Jiang and
	Xueliang Zhao and
	Dongyan Zhao and
	Rui Yan},
	title     = {Learning an Effective Context-Response Matching Model with Self-Supervised
	Tasks for Retrieval-based Dialogues},
	booktitle = {AAAI},
	pages     = {14158--14166},
	publisher = {{AAAI} Press},
	year      = {2021},
}

@inproceedings{feng2020dialogue,
	author    = {Xiachong Feng and
	Xiaocheng Feng and
	Bing Qin and
	Xinwei Geng},
	title     = {Dialogue Discourse-Aware Graph Model and Data Augmentation for Meeting
	Summarization},
	booktitle = {IJCAI},
	pages     = {3808--3814},
	publisher = {ijcai.org},
	year      = {2021},
	doi       = {10.24963/ijcai.2021/524}
}

@inproceedings{yu2020dialogue,
	author    = {Dian Yu and
	Kai Sun and
	Claire Cardie and
	Dong Yu},
	title     = {Dialogue-Based Relation Extraction},
	booktitle = {ACL},
	pages     = {4927--4940},
	publisher = {Association for Computational Linguistics},
	year      = {2020},
	doi       = {10.18653/v1/2020.acl-main.444}
}

@inproceedings{carletta2005ami,
	author    = {Jean Carletta and
	Simone Ashby and
	Sebastien Bourban and
	Mike Flynn and
	Ma{\"{e}}l Guillemot and
	Thomas Hain and
	Jaroslav Kadlec and
	Vasilis Karaiskos and
	Wessel Kraaij and
	Melissa Kronenthal and
	Guillaume Lathoud and
	Mike Lincoln and
	Agnes Lisowska and
	Iain McCowan and
	Wilfried Post and
	Dennis Reidsma and
	Pierre Wellner},
	title     = {The {AMI} Meeting Corpus: {A} Pre-announcement},
	booktitle = {MLMI},
	series    = {Lecture Notes in Computer Science},
	volume    = {3869},
	pages     = {28--39},
	publisher = {Springer},
	year      = {2005},
	doi       = {10.1007/11677482\_3}
}

@inproceedings{janin2003icsi,
	author    = {Adam Janin and
	Don Baron and
	Jane Edwards and
	Dan Ellis and
	David Gelbart and
	Nelson Morgan and
	Barbara Peskin and
	Thilo Pfau and
	Elizabeth Shriberg and
	Andreas Stolcke and
	Chuck Wooters},
	title     = {The {ICSI} Meeting Corpus},
	booktitle = {ICASSP},
	pages     = {364--367},
	publisher = {{IEEE}},
	year      = {2003},
	doi       = {10.1109/ICASSP.2003.1198793}
}

@inproceedings{zhang2020filling,
	author    = {Xiyuan Zhang and
	Chengxi Li and
	Dian Yu and
	Samuel Davidson and
	Zhou Yu},
	title     = {Filling Conversation Ellipsis for Better Social Dialog Understanding},
	booktitle = {AAAI},
	pages     = {9587--9595},
	publisher = {{AAAI} Press},
	year      = {2020},
}

@inproceedings{liu2020incomplete,
	author    = {Qian Liu and
	Bei Chen and
	Jian{-}Guang Lou and
	Bin Zhou and
	Dongmei Zhang},
	title     = {Incomplete Utterance Rewriting as Semantic Segmentation},
	booktitle = {EMNLP},
	pages     = {2846--2857},
	publisher = {Association for Computational Linguistics},
	year      = {2020},
	doi       = {10.18653/v1/2020.emnlp-main.227}
}

@inproceedings{shi2019deep,
	author    = {Zhouxing Shi and
	Minlie Huang},
	title     = {A Deep Sequential Model for Discourse Parsing on Multi-Party Dialogues},
	booktitle = {AAAI},
	pages     = {7007--7014},
	publisher = {{AAAI} Press},
	year      = {2019},
	doi       = {10.1609/aaai.v33i01.33017007}
}

@inproceedings{afantenos2015discourse,
	author    = {Stergos D. Afantenos and
	Eric Kow and
	Nicholas Asher and
	J{\'{e}}r{\'{e}}my Perret},
	title     = {Discourse parsing for multi-party chat dialogues},
	booktitle = {EMNLP},
	pages     = {928--937},
	publisher = {The Association for Computational Linguistics},
	year      = {2015},
	doi       = {10.18653/v1/d15-1109}
}

@inproceedings{mcdonald2005non,
	author    = {Ryan T. McDonald and
	Fernando Pereira and
	Kiril Ribarov and
	Jan Hajic},
	title     = {Non-Projective Dependency Parsing using Spanning Tree Algorithms},
	booktitle = {HLT/EMNLP},
	pages     = {523--530},
	publisher = {The Association for Computational Linguistics},
	year      = {2005},
}

@inproceedings{takanobu2018weakly,
	author    = {Ryuichi Takanobu and
	Minlie Huang and
	Zhongzhou Zhao and
	Feng{-}Lin Li and
	Haiqing Chen and
	Xiaoyan Zhu and
	Liqiang Nie},
	title     = {A Weakly Supervised Method for Topic Segmentation and Labeling in
	Goal-oriented Dialogues via Reinforcement Learning},
	booktitle = {IJCAI},
	pages     = {4403--4410},
	publisher = {ijcai.org},
	year      = {2018},
	doi       = {10.24963/ijcai.2018/612}
}

@inproceedings{see2017get,
	author    = {Abigail See and
	Peter J. Liu and
	Christopher D. Manning},
	title     = {Get To The Point: Summarization with Pointer-Generator Networks},
	booktitle = {ACL, Volume
	1: Long Papers},
	pages     = {1073--1083},
	publisher = {Association for Computational Linguistics},
	year      = {2017},
	doi       = {10.18653/v1/P17-1099}
}

@inproceedings{nallapati2017,
	author    = {Ramesh Nallapati and
	Feifei Zhai and
	Bowen Zhou},
	title     = {SummaRuNNer: {A} Recurrent Neural Network Based Sequence Model for
	Extractive Summarization of Documents},
	booktitle = {AAAI},
	pages     = {3075--3081},
	publisher = {{AAAI} Press},
	year      = {2017},
}

@inproceedings{gliwa2019samsum,
	title={SAMSum Corpus: A Human-annotated Dialogue Dataset for Abstractive Summarization},
	author={Bogdan Gliwa and Iwona Mochol and Maciej Biesek and Aleksander Wawer},
	booktitle={Proceedings of the 2nd Workshop on New Frontiers in Summarization},
	pages={70--79},
	year={2019}
}

@inproceedings{chen2021dialsumm,
	author    = {Yulong Chen and
	Yang Liu and
	Liang Chen and
	Yue Zhang},
	title     = {DialogSum: {A} Real-Life Scenario Dialogue Summarization Dataset},
	booktitle = {ACL/IJCNLP},
	series    = {Findings of {ACL}},
	volume    = {{ACL/IJCNLP} 2021},
	pages     = {5062--5074},
	publisher = {Association for Computational Linguistics},
	year      = {2021},
	doi       = {10.18653/v1/2021.findings-acl.449}
}

@inproceedings{zhang2021emailsum,
	author    = {Shiyue Zhang and
	Asli Celikyilmaz and
	Jianfeng Gao and
	Mohit Bansal},
	title     = {EmailSum: Abstractive Email Thread Summarization},
	booktitle = {ACL/IJCNLP, Volume 1: Long Papers},
	pages     = {6895--6909},
	publisher = {Association for Computational Linguistics},
	year      = {2021},
	doi       = {10.18653/v1/2021.acl-long.537},
}

@inproceedings{cohan2018discourse,
	author    = {Arman Cohan and
	Franck Dernoncourt and
	Doo Soon Kim and
	Trung Bui and
	Seokhwan Kim and
	Walter Chang and
	Nazli Goharian},
	title     = {A Discourse-Aware Attention Model for Abstractive Summarization of
	Long Documents},
	booktitle = {NAACL-HLT, Volume 2 (Short
	Papers)},
	pages     = {615--621},
	publisher = {Association for Computational Linguistics},
	year      = {2018},
	doi       = {10.18653/v1/n18-2097}
}

@inproceedings{xiao2019extractive,
	author    = {Wen Xiao and
	Giuseppe Carenini},
	title     = {Extractive Summarization of Long Documents by Combining Global and
	Local Context},
	booktitle = {EMNLP-IJCNLP},
	pages     = {3009--3019},
	publisher = {Association for Computational Linguistics},
	year      = {2019},
	doi       = {10.18653/v1/D19-1298}
}

@inproceedings{gao2020standard,
	author    = {Shen Gao and
	Xiuying Chen and
	Zhaochun Ren and
	Dongyan Zhao and
	Rui Yan},
	title     = {From Standard Summarization to New Tasks and Beyond: Summarization
	with Manifold Information},
	booktitle = {IJCAI},
	pages     = {4854--4860},
	publisher = {ijcai.org},
	year      = {2020},
	doi       = {10.24963/ijcai.2020/676}
}

@article{chen2017survey,
	author    = {Hongshen Chen and
	Xiaorui Liu and
	Dawei Yin and
	Jiliang Tang},
	title     = {A Survey on Dialogue Systems: Recent Advances and New Frontiers},
	journal   = {{SIGKDD} Explor.},
	volume    = {19},
	number    = {2},
	pages     = {25--35},
	year      = {2017},
	doi       = {10.1145/3166054.3166058},
}

@inproceedings{rameshkumar2020storytelling,
	author    = {Revanth Rameshkumar and
	Peter Bailey},
	title     = {Storytelling with Dialogue: {A} Critical Role Dungeons and Dragons
	Dataset},
	booktitle = {ACL},
	pages     = {5121--5134},
	publisher = {Association for Computational Linguistics},
	year      = {2020},
	doi       = {10.18653/v1/2020.acl-main.459}
}

@inproceedings{zhu2021mediasum,
	author    = {Chenguang Zhu and
	Yang Liu and
	Jie Mei and
	Michael Zeng},
	title     = {MediaSum: {A} Large-scale Media Interview Dataset for Dialogue Summarization},
	booktitle = {
	NAACL-HLT},
	pages     = {5927--5934},
	publisher = {Association for Computational Linguistics},
	year      = {2021},
	doi       = {10.18653/v1/2021.naacl-main.474}
}

@inproceedings{malykh2020sumtitles,
	author    = {Valentin Malykh and
	Konstantin Chernis and
	Ekaterina Artemova and
	Irina Piontkovskaya},
	title     = {SumTitles: a Summarization Dataset with Low Extractiveness},
	booktitle = {COLING},
	pages     = {5718--5730},
	publisher = {International Committee on Computational Linguistics},
	year      = {2020},
	doi       = {10.18653/v1/2020.coling-main.503}
}


@article{chen2021summscreen,
	author={Mingda Chen and Zewei Chu and Sam Wiseman and Kevin Gimpel},
	title={SummScreen: A Dataset for Abstractive Screenplay Summarization},
	year={2021},
	eprint={arXiv:2104.07091}
}

@inproceedings{zou2021topic,
	author    = {Yicheng Zou and
	Lujun Zhao and
	Yangyang Kang and
	Jun Lin and
	Minlong Peng and
	Zhuoren Jiang and
	Changlong Sun and
	Qi Zhang and
	Xuanjing Huang and
	Xiaozhong Liu},
	title     = {Topic-Oriented Spoken Dialogue Summarization for Customer Service
	with Saliency-Aware Topic Modeling},
	booktitle = {AAAI},
	pages     = {14665--14673},
	publisher = {{AAAI} Press},
	year      = {2021}
}

@inproceedings{joshi2020dr,
	author    = {Anirudh Joshi and
	Namit Katariya and
	Xavier Amatriain and
	Anitha Kannan},
	title     = {Dr. Summarize: Global Summarization of Medical Dialogue by Exploiting
	Local Structures},
	booktitle = {EMNLP},
	series    = {Findings of {ACL}},
	volume    = {{EMNLP} 2020},
	pages     = {3755--3763},
	publisher = {Association for Computational Linguistics},
	year      = {2020},
	doi       = {10.18653/v1/2020.findings-emnlp.335},
}

@inproceedings{song2020summarizing,
	author    = {Yan Song and
	Yuanhe Tian and
	Nan Wang and
	Fei Xia},
	title     = {Summarizing Medical Conversations via Identifying Important Utterances},
	booktitle = {COLING},
	pages     = {717--729},
	publisher = {International Committee on Computational Linguistics},
	year      = {2020},
	doi       = {10.18653/v1/2020.coling-main.63},
}

@inproceedings{li2017dailydialog,
	author    = {Yanran Li and
	Hui Su and
	Xiaoyu Shen and
	Wenjie Li and
	Ziqiang Cao and
	Shuzi Niu},
	title     = {DailyDialog: {A} Manually Labelled Multi-turn Dialogue Dataset},
	booktitle = {IJCNLP, Volume 1: Long Papers},
	pages     = {986--995},
	publisher = {Asian Federation of Natural Language Processing},
	year      = {2017},
}

@inproceedings{cui2020mutual,
	author    = {Leyang Cui and
	Yu Wu and
	Shujie Liu and
	Yue Zhang and
	Ming Zhou},
	title     = {MuTual: {A} Dataset for Multi-Turn Dialogue Reasoning},
	booktitle = {ACL},
	pages     = {1406--1416},
	publisher = {Association for Computational Linguistics},
	year      = {2020},
	doi       = {10.18653/v1/2020.acl-main.130},
}

@inproceedings{duan2019legal,
	author    = {Xinyu Duan and
	Yating Zhang and
	Lin Yuan and
	Xin Zhou and
	Xiaozhong Liu and
	Tianyi Wang and
	Ruocheng Wang and
	Qiong Zhang and
	Changlong Sun and
	Fei Wu},
	title     = {Legal Summarization for Multi-role Debate Dialogue via Controversy
	Focus Mining and Multi-task Learning},
	booktitle = {CIKM},
	pages     = {1361--1370},
	publisher = {{ACM}},
	year      = {2019},
	doi       = {10.1145/3357384.3357940},
}

@inproceedings{fuzw20,
	author    = {Xiyan Fu and
	Yating Zhang and
	Tianyi Wang and
	Xiaozhong Liu and
	Changlong Sun and
	Zhenglu Yang},
	title     = {RepSum: Unsupervised Dialogue Summarization based on Replacement Strategy},
	booktitle = {ACL/IJCNLP, Volume 1: Long Papers},
	pages     = {6042--6051},
	publisher = {Association for Computational Linguistics},
	year      = {2021},
	doi       = {10.18653/v1/2021.acl-long.471}
} 

@inproceedings{asher2016discourse,
	author    = {Nicholas Asher and
	Julie Hunter and
	Mathieu Morey and
	Farah Benamara and
	Stergos D. Afantenos},
	title     = {Discourse Structure and Dialogue Acts in Multiparty Dialogue: the
	{STAC} Corpus},
	booktitle = {LREC},
	publisher = {European Language Resources Association {(ELRA)}},
	year      = {2016},
}

@inproceedings{fabbri2021convosumm,
	author    = {Alexander R. Fabbri and
	Faiaz Rahman and
	Imad Rizvi and
	Borui Wang and
	Haoran Li and
	Yashar Mehdad and
	Dragomir R. Radev},
	title     = {ConvoSumm: Conversation Summarization Benchmark and Improved Abstractive
	Summarization with Argument Mining},
	booktitle = {ACL/IJCNLP, Volume 1: Long Papers},
	pages     = {6866--6880},
	publisher = {Association for Computational Linguistics},
	year      = {2021},
	doi       = {10.18653/v1/2021.acl-long.535},
}

@inproceedings{zhu2020end,
	author    = {Chenguang Zhu and
	Ruochen Xu and
	Michael Zeng and
	Xuedong Huang},
	title     = {A Hierarchical Network for Abstractive Meeting Summarization with
	Cross-Domain Pretraining},
	booktitle = {EMNLP},
	series    = {Findings of {ACL}},
	volume    = {{EMNLP} 2020},
	pages     = {194--203},
	publisher = {Association for Computational Linguistics},
	year      = {2020},
	doi       = {10.18653/v1/2020.findings-emnlp.19},
}


@inproceedings{miaschi2020linguistic,
	author    = {Alessio Miaschi and
	Dominique Brunato and
	Felice Dell'Orletta and
	Giulia Venturi},
	title     = {Linguistic Profiling of a Neural Language Model},
	booktitle = {COLING},
	pages     = {745--756},
	publisher = {International Committee on Computational Linguistics},
	year      = {2020},
	doi       = {10.18653/v1/2020.coling-main.65}
}

@inproceedings{tenney2018you,
	author    = {Ian Tenney and
	Patrick Xia and
	Berlin Chen and
	Alex Wang and
	Adam Poliak and
	R. Thomas McCoy and
	Najoung Kim and
	Benjamin Van Durme and
	Samuel R. Bowman and
	Dipanjan Das and
	Ellie Pavlick},
	title     = {What do you learn from context? Probing for sentence structure in
	contextualized word representations},
	booktitle = {ICLR},
	publisher = {OpenReview.net},
	year      = {2019},
}

@inproceedings{zhang2020unsupervised,
	author    = {Xinyuan Zhang and
	Ruiyi Zhang and
	Manzil Zaheer and
	Amr Ahmed},
	title     = {Unsupervised Abstractive Dialogue Summarization for Tete-a-Tetes},
	booktitle = {AAAI},
	pages     = {14489--14497},
	publisher = {{AAAI} Press},
	year      = {2021},
}

@inproceedings{lei2021hierarchical,
	author    = {Yuejie Lei and
	Yuanmeng Yan and
	Zhiyuan Zeng and
	Keqing He and
	Ximing Zhang and
	Weiran Xu},
	title     = {Hierarchical Speaker-Aware Sequence-to-Sequence Model for Dialogue
	Summarization},
	booktitle = {ICASSP},
	pages     = {7823--7827},
	publisher = {{IEEE}},
	year      = {2021},
	doi       = {10.1109/ICASSP39728.2021.9414547}
}

@inproceedings{wu2021controllable,
	author    = {Chien{-}Sheng Wu and
	Linqing Liu and
	Wenhao Liu and
	Pontus Stenetorp and
	Caiming Xiong},
	title     = {Controllable Abstractive Dialogue Summarization with Sketch Supervision},
	booktitle = {ACL/IJCNLP},
	series    = {Findings of {ACL}},
	volume    = {{ACL/IJCNLP} 2021},
	pages     = {5108--5122},
	publisher = {Association for Computational Linguistics},
	year      = {2021},
	doi       = {10.18653/v1/2021.findings-acl.454}
}

@article{ratner2017snorkel,
	author    = {Alexander Ratner and
	Stephen H. Bach and
	Henry R. Ehrenberg and
	Jason Alan Fries and
	Sen Wu and
	Christopher R{\'{e}}},
	title     = {Snorkel: Rapid Training Data Creation with Weak Supervision},
	journal   = {Proc. {VLDB} Endow.},
	volume    = {11},
	number    = {3},
	pages     = {269--282},
	year      = {2017},
	doi       = {10.14778/3157794.3157797}
}


@article{bunt1994context,
	title={Context and dialogue control},
	author={Harry Bunt},
	journal={Think Quarterly},
	volume={3},
	number={1},
	pages={19--31},
	year={1994},
	isbn={978-3-89838-508-4},
}

@inproceedings{kumar2018dialogue,
	author    = {Harshit Kumar and
	Arvind Agarwal and
	Sachindra Joshi},
	title     = {Dialogue-act-driven Conversation Model : An Experimental Study},
	booktitle = {COLING},
	pages     = {1246--1256},
	publisher = {Association for Computational Linguistics},
	year      = {2018},
}


@inproceedings{oraby2017may,
	author={Shereen Oraby and Pritam Gundecha and Jalal Mahmud and Mansurul Bhuiyan and Rama Akkiraju},
	title={" How May I Help You?" Modeling Twitter Customer Service Conversations Using Fine-Grained Dialogue Acts},
	booktitle={Proceedings of the 22nd international conference on intelligent user interfaces},
	pages={343--355},
	year={2017}
}

@inproceedings{feng2021language,
	author    = {Xiachong Feng and
	Xiaocheng Feng and
	Libo Qin and
	Bing Qin and
	Ting Liu},
	title     = {Language Model as an Annotator: Exploring DialoGPT for Dialogue Summarization},
	booktitle = {ACL/IJCNLP, Volume 1: Long Papers},
	pages     = {1479--1491},
	publisher = {Association for Computational Linguistics},
	year      = {2021},
	doi       = {10.18653/v1/2021.acl-long.117},
}

@inproceedings{zhang2020dialogpt,
	author    = {Yizhe Zhang and
	Siqi Sun and
	Michel Galley and
	Yen{-}Chun Chen and
	Chris Brockett and
	Xiang Gao and
	Jianfeng Gao and
	Jingjing Liu and
	Bill Dolan},
	title     = {{DIALOGPT} : Large-Scale Generative Pre-training for Conversational
	Response Generation},
	booktitle = {ACL},
	pages     = {270--278},
	publisher = {Association for Computational Linguistics},
	year      = {2020},
	doi       = {10.18653/v1/2020.acl-demos.30},
}

@inproceedings{miao2017discovering,
	author    = {Yishu Miao and
	Edward Grefenstette and
	Phil Blunsom},
	title     = {Discovering Discrete Latent Topics with Neural Variational Inference},
	booktitle = {ICML},
	series    = {Proceedings of Machine Learning Research},
	volume    = {70},
	pages     = {2410--2419},
	publisher = {{PMLR}},
	year      = {2017},
}

@inproceedings{chen2018fast,
	author    = {Yen{-}Chun Chen and
	Mohit Bansal},
	title     = {Fast Abstractive Summarization with Reinforce-Selected Sentence Rewriting},
	booktitle = {ACL, Volume
	1: Long Papers},
	pages     = {675--686},
	publisher = {Association for Computational Linguistics},
	year      = {2018},
	doi       = {10.18653/v1/P18-1063},
}

@inproceedings{serban2016building,
	author    = {Iulian Vlad Serban and
	Alessandro Sordoni and
	Yoshua Bengio and
	Aaron C. Courville and
	Joelle Pineau},
	title     = {Building End-To-End Dialogue Systems Using Generative Hierarchical
	Neural Network Models},
	booktitle = {AAAI},
	pages     = {3776--3784},
	publisher = {{AAAI} Press},
	year      = {2016},
}

@inproceedings{zhang2020pegasus,
	author    = {Jingqing Zhang and
	Yao Zhao and
	Mohammad Saleh and
	Peter J. Liu},
	title     = {{PEGASUS:} Pre-training with Extracted Gap-sentences for Abstractive
	Summarization},
	booktitle = {ICML},
	series    = {Proceedings of Machine Learning Research},
	volume    = {119},
	pages     = {11328--11339},
	publisher = {{PMLR}},
	year      = {2020},
}

@inproceedings{lewis2020bart,
	author    = {Mike Lewis and
	Yinhan Liu and
	Naman Goyal and
	Marjan Ghazvininejad and
	Abdelrahman Mohamed and
	Omer Levy and
	Veselin Stoyanov and
	Luke Zettlemoyer},
	title     = {{BART:} Denoising Sequence-to-Sequence Pre-training for Natural Language
	Generation, Translation, and Comprehension},
	booktitle = {ACL},
	pages     = {7871--7880},
	publisher = {Association for Computational Linguistics},
	year      = {2020},
	doi       = {10.18653/v1/2020.acl-main.703},
}


@article{sacks1978simplest,
	author={Harvey Sacks and Emanuel A Schegloff and Gail Jefferson},
	title={A simplest systematics for the organization of turn taking for conversation},
	booktitle={Studies in the organization of conversational interaction},
	pages={7--55},
	year={1978},
	publisher={Elsevier}
}

@article{kim2019dynamic,
	title={Dynamic memory networks for dialogue topic tracking},
	author={Seokhwan Kim},
	year={2019},
}

@inproceedings{chen2020multi,
	author    = {Jiaao Chen and
	Diyi Yang},
	title     = {Multi-View Sequence-to-Sequence Models with Conversational Structure
	for Abstractive Dialogue Summarization},
	booktitle = {EMNLP},
	pages     = {4106--4118},
	publisher = {Association for Computational Linguistics},
	year      = {2020},
	doi       = {10.18653/v1/2020.emnlp-main.336},
}

@inproceedings{liu2019topic,
	author    = {Zhengyuan Liu and
	Angela Ng and
	Sheldon Lee Shao Guang and
	Ai Ti Aw and
	Nancy F. Chen},
	title     = {Topic-Aware Pointer-Generator Networks for Summarizing Spoken Conversations},
	booktitle = {ASRU},
	pages     = {814--821},
	publisher = {{IEEE}},
	year      = {2019},
	doi       = {10.1109/ASRU46091.2019.9003764}
}

@inproceedings{li2019keep,
	author    = {Manling Li and
	Lingyu Zhang and
	Heng Ji and
	Richard J. Radke},
	title     = {Keep Meeting Summaries on Topic: Abstractive Multi-Modal Meeting Summarization},
	booktitle = {ACL,
	Volume 1: Long Papers},
	pages     = {2190--2196},
	publisher = {Association for Computational Linguistics},
	year      = {2019},
	doi       = {10.18653/v1/p19-1210},
}

@article{zheng2020abstractive,
	author    = {Jiyuan Zheng and
	Zhou Zhao and
	Zehan Song and
	Min Yang and
	Jun Xiao and
	Xiaohui Yan},
	title     = {Abstractive meeting summarization by hierarchical adaptive segmental
	network learning with multiple revising steps},
	journal   = {Neurocomputing},
	volume    = {378},
	pages     = {179--188},
	year      = {2020},
	doi       = {10.1016/j.neucom.2019.10.019},
}



@inproceedings{zou2021unsupervised,
	author    = {Yicheng Zou and
	Jun Lin and
	Lujun Zhao and
	Yangyang Kang and
	Zhuoren Jiang and
	Changlong Sun and
	Qi Zhang and
	Xuanjing Huang and
	Xiaozhong Liu},
	title     = {Unsupervised Summarization for Chat Logs with Topic-Oriented Ranking
	and Context-Aware Auto-Encoders},
	booktitle = {AAAI},
	pages     = {14674--14682},
	publisher = {{AAAI} Press},
	year      = {2021},
}

@inproceedings{eric2019multiwoz,
	author    = {Pawel Budzianowski and
	Tsung{-}Hsien Wen and
	Bo{-}Hsiang Tseng and
	I{\~{n}}igo Casanueva and
	Stefan Ultes and
	Osman Ramadan and
	Milica Gasic},
	title     = {MultiWOZ - {A} Large-Scale Multi-Domain Wizard-of-Oz Dataset for Task-Oriented
	Dialogue Modelling},
	booktitle = {EMNLP},
	pages     = {5016--5026},
	publisher = {Association for Computational Linguistics},
	year      = {2018},
}

@inproceedings{wang2020economic,
	author    = {Chi Wang and
	Qingyun Wu and
	Silu Huang and
	Amin Saied},
	title     = {Economic Hyperparameter Optimization with Blended Search Strategy},
	booktitle = {ICLR},
	publisher = {OpenReview.net},
	year      = {2021},
}

@inproceedings{koay2021sliding,
	author    = {Jia Jin Koay and
	Alexander Roustai and
	Xiaojin Dai and
	Fei Liu},
	title     = {A Sliding-Window Approach to Automatic Creation of Meeting Minutes},
	booktitle = {NAACL-HLT},
	pages     = {68--75},
	publisher = {Association for Computational Linguistics},
	year      = {2021},
	doi       = {10.18653/v1/2021.naacl-srw.10}
}

@inproceedings{zhong2021qmsum,
	author    = {Ming Zhong and
	Da Yin and
	Tao Yu and
	Ahmad Zaidi and
	Mutethia Mutuma and
	Rahul Jha and
	Ahmed Hassan Awadallah and
	Asli Celikyilmaz and
	Yang Liu and
	Xipeng Qiu and
	Dragomir R. Radev},
	title     = {QMSum: {A} New Benchmark for Query-based Multi-domain Meeting Summarization},
	booktitle = {NAACL-HLT},
	pages     = {5905--5921},
	publisher = {Association for Computational Linguistics},
	year      = {2021},
	doi       = {10.18653/v1/2021.naacl-main.472},
}

@inproceedings{krishna2021generating,
	author    = {Kundan Krishna and
	Sopan Khosla and
	Jeffrey P. Bigham and
	Zachary C. Lipton},
	title     = {Generating {SOAP} Notes from Doctor-Patient Conversations Using Modular
	Summarization Techniques},
	booktitle = {ACL/IJCNLP, Volume 1: Long Papers},
	pages     = {4958--4972},
	publisher = {Association for Computational Linguistics},
	year      = {2021},
	doi       = {10.18653/v1/2021.acl-long.384},
}

@inproceedings{shang2018unsupervised,
	author    = {Guokan Shang and
	Wensi Ding and
	Zekun Zhang and
	Antoine J.{-}P. Tixier and
	Polykarpos Meladianos and
	Michalis Vazirgiannis and
	Jean{-}Pierre Lorr{\'{e}}},
	title     = {Unsupervised Abstractive Meeting Summarization with Multi-Sentence
	Compression and Budgeted Submodular Maximization},
	booktitle = {ACL,Volume
	1: Long Papers},
	pages     = {664--674},
	publisher = {Association for Computational Linguistics},
	year      = {2018},
	doi       = {10.18653/v1/P18-1062},
}

@article{althoff2016large,
	author    = {Tim Althoff and
	Kevin Clark and
	Jure Leskovec},
	title     = {Large-scale Analysis of Counseling Conversations: An Application of
	Natural Language Processing to Mental Health},
	journal   = {Trans. Assoc. Comput. Linguistics},
	volume    = {4},
	pages     = {463--476},
	year      = {2016},
}

@inproceedings{liu2021keyword,
	author    = {Yizhu Liu and
	Qi Jia and
	Kenny Q. Zhu},
	title     = {Keyword-aware Abstractive Summarization by Extracting Set-level Intermediate
	Summaries},
	booktitle = {WWW},
	pages     = {3042--3054},
	publisher = {{ACM} / {IW3C2}},
	year      = {2021},
	doi       = {10.1145/3442381.3449906},
}

@inproceedings{li2021hierarchical,
	author    = {Daniel Li and
	Thomas Chen and
	Albert Tung and
	Lydia B. Chilton},
	title     = {Hierarchical Summarization for Longform Spoken Dialog},
	booktitle = {UIST},
	pages     = {582--597},
	publisher = {{ACM}},
	year      = {2021},
	doi       = {10.1145/3472749.3474771},
}

@inproceedings{vinyals2015pointer,
	author    = {Oriol Vinyals and
	Meire Fortunato and
	Navdeep Jaitly},
	title     = {Pointer Networks},
	booktitle = {NeurIPS},
	pages     = {2692--2700},
	year      = {2015},
}

@inproceedings{banerjee2015generating,
	author    = {Siddhartha Banerjee and
	Prasenjit Mitra and
	Kazunari Sugiyama},
	title     = {Generating Abstractive Summaries from Meeting Transcripts},
	booktitle = {DocEng},
	pages     = {51--60},
	publisher = {{ACM}},
	year      = {2015},
	doi       = {10.1145/2682571.2797061}
}

@article{joshi2020spanbert,
	author    = {Mandar Joshi and
	Danqi Chen and
	Yinhan Liu and
	Daniel S. Weld and
	Luke Zettlemoyer and
	Omer Levy},
	title     = {SpanBERT: Improving Pre-training by Representing and Predicting Spans},
	journal   = {Trans. Assoc. Comput. Linguistics},
	volume    = {8},
	pages     = {64--77},
	year      = {2020},
}

@inproceedings{lee2018higher,
	author    = {Kenton Lee and
	Luheng He and
	Luke Zettlemoyer},
	title     = {Higher-Order Coreference Resolution with Coarse-to-Fine Inference},
	booktitle = {NAACL-HLT, Volume 2 (Short
	Papers)},
	pages     = {687--692},
	publisher = {Association for Computational Linguistics},
	year      = {2018},
	doi       = {10.18653/v1/n18-2108},
}

@inproceedings{liu2021coreference,
	author    = {Zhengyuan Liu and
	Ke Shi and
	Nancy Chen},
	title     = {Coreference-Aware Dialogue Summarization},
	booktitle = {SIGdial},
	pages     = {509--519},
	publisher = {Association for Computational Linguistics},
	year      = {2021},
}

@inproceedings{angeli2015leveraging,
	author    = {Gabor Angeli and
	Melvin Jose Johnson Premkumar and
	Christopher D. Manning},
	title     = {Leveraging Linguistic Structure For Open Domain Information Extraction},
	booktitle = {ACL, Volume 1: Long Papers},
	pages     = {344--354},
	publisher = {The Association for Computer Linguistics},
	year      = {2015},
	doi       = {10.3115/v1/p15-1034},
}

@inproceedings{speer2012representing,
	author    = {Robyn Speer and
	Catherine Havasi},
	title     = {Representing General Relational Knowledge in ConceptNet 5},
	booktitle = {LREC},
	pages     = {3679--3686},
	publisher = {European Language Resources Association {(ELRA)}},
	year      = {2012},
}

@inproceedings{feng2021incorporating,
	author    = {Xiachong Feng and
	Xiaocheng Feng and
	Bing Qin},
	title     = {Incorporating Commonsense Knowledge into Abstractive Dialogue Summarization
	via Heterogeneous Graph Networks},
	booktitle = {CCL},
	series    = {Lecture Notes in Computer Science},
	volume    = {12869},
	pages     = {127--142},
	publisher = {Springer},
	year      = {2021}
}

@article{ganesh2019restructuring,
	author={Prakhar Ganesh and Saket Dingliwal},
	title={Restructuring Conversations using Discourse Relations for Zero-shot Abstractive Dialogue Summarization},
	year={2019},
	eprint={arXiv:1902.01615}
}

@book{asher2003logics,
	author    = {Nicholas Asher and
	Alex Lascarides},
	title     = {Logics of Conversation},
	series    = {Studies in natural language processing},
	publisher = {Cambridge University Press},
	year      = {2005},
	isbn      = {978-0-521-65951-2},
}

@inproceedings{stede2016parallel,
	author    = {Manfred Stede and
	Stergos D. Afantenos and
	Andreas Peldszus and
	Nicholas Asher and
	J{\'{e}}r{\'{e}}my Perret},
	title     = {Parallel Discourse Annotations on a Corpus of Short Texts},
	booktitle = {LREC},
	publisher = {European Language Resources Association {(ELRA)}},
	year      = {2016},
}

@inproceedings{mirko2020towards,
	author    = {Mirko Lenz and
	Premtim Sahitaj and
	Sean Kallenberg and
	Christopher Coors and
	Lorik Dumani and
	Ralf Schenkel and
	Ralph Bergmann},
	title     = {Towards an Argument Mining Pipeline Transforming Texts to Argument
	Graphs},
	booktitle = {COMMA},
	series    = {Frontiers in Artificial Intelligence and Applications},
	volume    = {326},
	pages     = {263--270},
	publisher = {{IOS} Press},
	year      = {2020},
	doi       = {10.3233/FAIA200510},
}

@inproceedings{chakrabarty2019ampersand,
	author    = {Tuhin Chakrabarty and
	Christopher Hidey and
	Smaranda Muresan and
	Kathy McKeown and
	Alyssa Hwang},
	title     = {{AMPERSAND:} Argument Mining for PERSuAsive oNline Discussions},
	booktitle = {EMNLP-IJCNLP},
	pages     = {2933--2943},
	publisher = {Association for Computational Linguistics},
	year      = {2019},
	doi       = {10.18653/v1/D19-1291}
}

@inproceedings{velivckovic2018graph,
	author    = {Petar Velickovic and
	Guillem Cucurull and
	Arantxa Casanova and
	Adriana Romero and
	Pietro Li{\`{o}} and
	Yoshua Bengio},
	title     = {Graph Attention Networks},
	booktitle = {ICLR, Conference Track Proceedings},
	publisher = {OpenReview.net},
	year      = {2018},
}

@inproceedings{kipf2016semi,
	author    = {Thomas N. Kipf and
	Max Welling},
	title     = {Semi-Supervised Classification with Graph Convolutional Networks},
	booktitle = {ICLR, Conference Track Proceedings},
	publisher = {OpenReview.net},
	year      = {2017},
}

@inproceedings{vincent2008extracting,
	author    = {Pascal Vincent and
	Hugo Larochelle and
	Yoshua Bengio and
	Pierre{-}Antoine Manzagol},
	title     = {Extracting and composing robust features with denoising autoencoders},
	booktitle = {ICML},
	series    = {{ACM} International Conference Proceeding Series},
	volume    = {307},
	pages     = {1096--1103},
	publisher = {{ACM}},
	year      = {2008},
	doi       = {10.1145/1390156.1390294},
}


@article{zheng2021enhanced,
	author={Chujie Zheng and Kunpeng Zhang and Harry Jiannan Wang and Ling Fan and Zhe Wang},
	title={Enhanced Seq2Seq Autoencoder via Contrastive Learning for Abstractive Text Summarization},
	year={2021},
	eprint={arXiv:2108.11992},
}

@inproceedings{liu2021topic,
	author    = {Junpeng Liu and
	Yanyan Zou and
	Hainan Zhang and
	Hongshen Chen and
	Zhuoye Ding and
	Caixia Yuan and
	Xiaojie Wang},
	title     = {Topic-Aware Contrastive Learning for Abstractive Dialogue Summarization},
	booktitle = {EMNLP},
	pages     = {1229--1243},
	publisher = {Association for Computational Linguistics},
	year      = {2021},
}

@article{zhong2021dialoglm,
	author={Ming Zhong and Yang Liu and Yichong Xu and Chenguang Zhu and Michael Zeng},
	title={DialogLM: Pre-trained Model for Long Dialogue Understanding and Summarization},
	year={2021},
	eprint={arXiv:2109.02492},
}

@inproceedings{zou2021low,
	author    = {Yicheng Zou and
	Bolin Zhu and
	Xingwu Hu and
	Tao Gui and
	Qi Zhang},
	title     = {Low-Resource Dialogue Summarization with Domain-Agnostic Multi-Source
	Pretraining},
	booktitle = {EMNLP},
	pages     = {80--91},
	publisher = {Association for Computational Linguistics},
	year      = {2021},
}

@inproceedings{lin2014microsoft,
	author    = {Tsung{-}Yi Lin and
	Michael Maire and
	Serge J. Belongie and
	James Hays and
	Pietro Perona and
	Deva Ramanan and
	Piotr Doll{\'{a}}r and
	C. Lawrence Zitnick},
	title     = {Microsoft {COCO:} Common Objects in Context},
	booktitle = {ECCV, Proceedings, Part {V}},
	series    = {Lecture Notes in Computer Science},
	volume    = {8693},
	pages     = {740--755},
	publisher = {Springer},
	year      = {2014},
	doi       = {10.1007/978-3-319-10602-1\_48},
}

@inproceedings{lison2016opensubtitles2016,
	author    = {Pierre Lison and
	J{\"{o}}rg Tiedemann},
	title     = {OpenSubtitles2016: Extracting Large Parallel Corpora from Movie and
	{TV} Subtitles},
	booktitle = {LREC},
	publisher = {European Language Resources Association {(ELRA)}},
	year      = {2016},
}

@inproceedings{misra2015using,
	author    = {Amita Misra and
	Pranav Anand and
	Jean E. Fox Tree and
	Marilyn A. Walker},
	title     = {Using Summarization to Discover Argument Facets in Online Idealogical
	Dialog},
	booktitle = {NAACL-HLT},
	pages     = {430--440},
	publisher = {The Association for Computational Linguistics},
	year      = {2015},
	doi       = {10.3115/v1/n15-1046},
}

@article{walker2012your,
	author    = {Marilyn A. Walker and
	Pranav Anand and
	Rob Abbott and
	Jean E. Fox Tree and
	Craig H. Martell and
	Joseph King},
	title     = {That is your evidence?: Classifying stance in online political debate},
	journal   = {Decis. Support Syst.},
	volume    = {53},
	number    = {4},
	pages     = {719--729},
	year      = {2012},
	doi       = {10.1016/j.dss.2012.05.032},
}

@inproceedings{lin2021csds,
	author    = {Haitao Lin and
	Liqun Ma and
	Junnan Zhu and
	Lu Xiang and
	Yu Zhou and
	Jiajun Zhang and
	Chengqing Zong},
	title     = {{CSDS:} {A} Fine-Grained Chinese Dataset for Customer Service Dialogue
	Summarization},
	booktitle = {EMNLP},
	pages     = {4436--4451},
	publisher = {Association for Computational Linguistics},
	year      = {2021},
}

@inproceedings{chen2020jddc,
	author    = {Meng Chen and
	Ruixue Liu and
	Lei Shen and
	Shaozu Yuan and
	Jingyan Zhou and
	Youzheng Wu and
	Xiaodong He and
	Bowen Zhou},
	title     = {The {JDDC} Corpus: {A} Large-Scale Multi-Turn Chinese Dialogue Dataset
	for E-commerce Customer Service},
	booktitle = {LREC},
	pages     = {459--466},
	publisher = {European Language Resources Association},
	year      = {2020},
}

@article{yadav2018mining,
	author    = {Pranjul Yadav and
	Michael S. Steinbach and
	Vipin Kumar and
	Gy{\"{o}}rgy J. Simon},
	title     = {Mining Electronic Health Records (EHRs): {A} Survey},
	journal   = {{ACM} Comput. Surv.},
	volume    = {50},
	number    = {6},
	pages     = {85:1--85:40},
	year      = {2018},
	doi       = {10.1145/3127881},
}


@inproceedings{lin2004rouge,
	author={Chin-Yew Lin},
	title={Rouge: A package for automatic evaluation of summaries},
	booktitle={Text summarization branches out},
	pages={74--81},
	year={2004}
}

@inproceedings{zhao2019moverscore,
	author    = {Wei Zhao and
	Maxime Peyrard and
	Fei Liu and
	Yang Gao and
	Christian M. Meyer and
	Steffen Eger},
	title     = {MoverScore: Text Generation Evaluating with Contextualized Embeddings
	and Earth Mover Distance},
	booktitle = {EMNLP-IJCNLP},
	pages     = {563--578},
	publisher = {Association for Computational Linguistics},
	year      = {2019},
	doi       = {10.18653/v1/D19-1053},
}

@inproceedings{zhang2019bertscore,
	author    = {Tianyi Zhang and
	Varsha Kishore and
	Felix Wu and
	Kilian Q. Weinberger and
	Yoav Artzi},
	title     = {BERTScore: Evaluating Text Generation with {BERT}},
	booktitle = {ICLR},
	publisher = {OpenReview.net},
	year      = {2020},
}

@article{mehnaz2021gupshup,
	author={Laiba Mehnaz and Debanjan Mahata and Rakesh Gosangi and Uma Sushmitha Gunturi and Riya Jain and Gauri Gupta and Amardeep Kumar and Isabelle Lee and Anish Acharya and Rajiv Ratn Shah},
	title={GupShup: An Annotated Corpus for Abstractive Summarization of Open-Domain Code-Switched Conversations},
	year={2021},
	eprint={arXiv:2104.08578},
}

@inproceedings{liu2019automatic,
	author    = {Chunyi Liu and
	Peng Wang and
	Jiang Xu and
	Zang Li and
	Jieping Ye},
	title     = {Automatic Dialogue Summary Generation for Customer Service},
	booktitle = {KDD},
	pages     = {1957--1965},
	publisher = {{ACM}},
	year      = {2019},
	doi       = {10.1145/3292500.3330683}
}

@inproceedings{goo2018abstractive,
	author    = {Chih{-}Wen Goo and
	Yun{-}Nung Chen},
	title     = {Abstractive Dialogue Summarization with Sentence-Gated Modeling Optimized
	by Dialogue Acts},
	booktitle = {SLT},
	pages     = {735--742},
	publisher = {{IEEE}},
	year      = {2018},
	doi       = {10.1109/SLT.2018.8639531},
}

@inproceedings{clark2021all,
	author    = {Elizabeth Clark and
	Tal August and
	Sofia Serrano and
	Nikita Haduong and
	Suchin Gururangan and
	Noah A. Smith},
	title     = {All That's 'Human' Is Not Gold: Evaluating Human Evaluation of Generated
	Text},
	booktitle = {ACL/IJCNLP, Volume 1: Long Papers},
	pages     = {7282--7296},
	publisher = {Association for Computational Linguistics},
	year      = {2021},
	doi       = {10.18653/v1/2021.acl-long.565},
}

@article{huang2021factual,
	author={Yichong Huang and Xiachong Feng and Xiaocheng Feng and Bing Qin},
	title={The Factual Inconsistency Problem in Abstractive Text Summarization: A Survey},
	year={2021},
	eprint={arXiv:2104.14839},
}

@inproceedings{falke2019ranking,
	author    = {Tobias Falke and
	Leonardo F. R. Ribeiro and
	Prasetya Ajie Utama and
	Ido Dagan and
	Iryna Gurevych},
	title     = {Ranking Generated Summaries by Correctness: An Interesting but Challenging
	Application for Natural Language Inference},
	booktitle = {ACL,
	Volume 1: Long Papers},
	pages     = {2214--2220},
	publisher = {Association for Computational Linguistics},
	year      = {2019},
	doi       = {10.18653/v1/p19-1213},
}



@article{zhang2019consistent,
	author={Yizhe Zhang and Xiang Gao and Sungjin Lee and Chris Brockett and Michel Galley and Jianfeng Gao and Bill Dolan},
	title={Consistent dialogue generation with self-supervised feature learning},
	year={2019},
	eprint={arXiv:1903.05759},
}

@inproceedings{xu2021learning,
	author    = {Ruijian Xu and
	Chongyang Tao and
	Daxin Jiang and
	Xueliang Zhao and
	Dongyan Zhao and
	Rui Yan},
	title     = {Learning an Effective Context-Response Matching Model with Self-Supervised
	Tasks for Retrieval-based Dialogues},
	booktitle = {AAAI},
	pages     = {14158--14166},
	publisher = {{AAAI} Press},
	year      = {2021},
}

@inproceedings{majumder2019dialoguernn,
	author    = {Navonil Majumder and
	Soujanya Poria and
	Devamanyu Hazarika and
	Rada Mihalcea and
	Alexander F. Gelbukh and
	Erik Cambria},
	title     = {DialogueRNN: An Attentive {RNN} for Emotion Detection in Conversations},
	booktitle = {AAAI},
	pages     = {6818--6825},
	publisher = {{AAAI} Press},
	year      = {2019},
	doi       = {10.1609/aaai.v33i01.33016818},
}


@article{feng2021survey,
	author={Xiachong Feng and Xiaocheng Feng and Bing Qin},
	title={A survey on dialogue summarization: Recent advances and new frontiers},
	year={2021},
	eprint={arXiv:2107.03175},
}

@article{xu2021beyond,
	author={Jing Xu and Arthur Szlam and Jason Weston},
	title={Beyond Goldfish Memory: Long-Term Open-Domain Conversation},
	year={2021},
	eprint={arXiv:2107.07567},
}

@article{shuster2020deploying,
	author={Kurt Shuster and Jack Urbanek and Emily Dinan and Arthur Szlam and Jason Weston},
	title={Deploying lifelong open-domain dialogue learning},
	year={2020},
	eprint={arXiv:2008.08076},
}

@inproceedings{liu2021lifelong,
	author    = {Bing Liu and
	Sahisnu Mazumder},
	title     = {Lifelong and Continual Learning Dialogue Systems: Learning during
	Conversation},
	booktitle = {AAAI},
	pages     = {15058--15063},
	publisher = {{AAAI} Press},
	year      = {2021},
}

@inproceedings{chen2021simple,
	author    = {Jiaao Chen and
	Diyi Yang},
	title     = {Simple Conversational Data Augmentation for Semi-supervised Abstractive
	Dialogue Summarization},
	booktitle = {EMNLP},
	pages     = {6605--6616},
	publisher = {Association for Computational Linguistics},
	year      = {2021},
}

@article{xi2020global,
	author    = {Xue{-}Feng Xi and
	Zhou Pi and
	Guodong Zhou},
	title     = {Global Encoding for Long Chinese Text Summarization},
	journal   = {{ACM} Trans. Asian Low Resour. Lang. Inf. Process.},
	volume    = {19},
	number    = {6},
	pages     = {84:1--84:17},
	year      = {2020},
	doi       = {10.1145/3407911},
}

@inproceedings{liu2021controllable,
	author    = {Zhengyuan Liu and
	Nancy Chen},
	title     = {Controllable Neural Dialogue Summarization with Personal Named Entity
	Planning},
	booktitle = {EMNLP},
	pages     = {92--106},
	publisher = {Association for Computational Linguistics},
	year      = {2021},
}

@article{prodan2021prompt,
	title={Prompt scoring system for dialogue summarization using GPT-3},
	author={George Prodan and Elena Pelican},
	year={2021},
	publisher={TechRxiv}
}


@article{zhao2021todsum,
	author={Lulu Zhao and Fujia Zheng and Keqing He and Weihao Zeng and Yuejie Lei and Huixing Jiang and Wei Wu and Weiran Xu and Jun Guo and Fanyu Meng},
	title={TODSum: Task-Oriented Dialogue Summarization with State Tracking},
	year={2021},
	eprint={arXiv:2110.12680},
}

@inproceedings{feigenblat-etal-2021-tweetsumm-dialog,
	author    = {Guy Feigenblat and
	R. Chulaka Gunasekara and
	Benjamin Sznajder and
	Sachindra Joshi and
	David Konopnicki and
	Ranit Aharonov},
	title     = {{TWEETSUMM} - {A} Dialog Summarization Dataset for Customer Service},
	booktitle = {EMNLP},
		series    = {Findings of {ACL}},
volume    = {{EMNLP} 2021},
	pages     = {245--260},
	publisher = {Association for Computational Linguistics},
	year      = {2021},
}


@article{zhang2021summ,
	author={Yusen Zhang and Ansong Ni and Ziming Mao and Chen Henry Wu and Chenguang Zhu and Budhaditya Deb and Ahmed H Awadallah and Dragomir Radev and Rui Zhang},
	title={Summ\^{} N: A Multi-Stage Summarization Framework for Long Input Dialogues and Documents},
	year={2021},
	eprint={arXiv:2110.10150},
}

@inproceedings{zhang2021leveraging,
	author    = {Longxiang Zhang and
	Renato Negrinho and
	Arindam Ghosh and
	Vasudevan Jagannathan and
	Hamid Reza Hassanzadeh and
	Thomas Schaaf and
	Matthew R. Gormley},
	title     = {Leveraging Pretrained Models for Automatic Summarization of Doctor-Patient
	Conversations},
	booktitle = {EMNLP},
		series    = {Findings of {ACL}},
volume    = {{EMNLP} 2021},
	pages     = {3693--3712},
	publisher = {Association for Computational Linguistics},
	year      = {2021},
}

@article{harkema2009context,
	author    = {Henk Harkema and
	John N. Dowling and
	Tyler Thornblade and
	Wendy Webber Chapman},
	title     = {ConText: An algorithm for determining negation, experiencer, and temporal
	status from clinical reports},
	journal   = {J. Biomed. Informatics},
	volume    = {42},
	number    = {5},
	pages     = {839--851},
	year      = {2009},
	doi       = {10.1016/j.jbi.2009.05.002},
}

@inproceedings{zhao2021give,
	author    = {Lulu Zhao and
	Weihao Zeng and
	Weiran Xu and
	Jun Guo},
	title     = {Give the Truth: Incorporate Semantic Slot into Abstractive Dialogue
	Summarization},
	booktitle = {EMNLP},
		series    = {Findings of {ACL}},
	volume    = {{EMNLP} 2021},
	pages     = {2435--2446},
	publisher = {Association for Computational Linguistics},
	year      = {2021},
}

@inproceedings{lee2020contrastive,
	author    = {Seanie Lee and
	Dong Bok Lee and
	Sung Ju Hwang},
	title     = {Contrastive Learning with Adversarial Perturbations for Conditional
	Text Generation},
	booktitle = {ICLR},
	publisher = {OpenReview.net},
	year      = {2021},
}

@inproceedings{wang2020asking,
	author    = {Alex Wang and
	Kyunghyun Cho and
	Mike Lewis},
	title     = {Asking and Answering Questions to Evaluate the Factual Consistency
	of Summaries},
	booktitle = {ACL},
	pages     = {5008--5020},
	publisher = {Association for Computational Linguistics},
	year      = {2020},
	doi       = {10.18653/v1/2020.acl-main.450},
}

@article{chen2019bert,
	author={Qian Chen and Zhu Zhuo and Wen Wang},
	title={Bert for joint intent classification and slot filling},
	year={2019},
	eprint={arXiv:1902.10909},
}

@inproceedings{khalifa2021bag,
	author    = {Muhammad Khalifa and
	Miguel Ballesteros and
	Kathleen R. McKeown},
	title     = {A Bag of Tricks for Dialogue Summarization},
	booktitle = {EMNLP},
	pages     = {8014--8022},
	publisher = {Association for Computational Linguistics},
	year      = {2021},
}

@inproceedings{morante2012sem,
	author    = {Roser Morante and
	Eduardo Blanco},
	title     = {*SEM 2012 Shared Task: Resolving the Scope and Focus of Negation},
	booktitle = {Proceedings of the First Joint Conference on Lexical and Computational
	Semantics},
	pages     = {265--274},
	publisher = {Association for Computational Linguistics},
	year      = {2012},
}

@inproceedings{lin2020commongen,
	author    = {Bill Yuchen Lin and
	Wangchunshu Zhou and
	Ming Shen and
	Pei Zhou and
	Chandra Bhagavatula and
	Yejin Choi and
	Xiang Ren},
	title     = {CommonGen: {A} Constrained Text Generation Challenge for Generative
	Commonsense Reasoning},
	booktitle = {EMNLP},
	series    = {Findings of {ACL}},
	volume    = {{EMNLP} 2020},
	pages     = {1823--1840},
	publisher = {Association for Computational Linguistics},
	year      = {2020},
	doi       = {10.18653/v1/2020.findings-emnlp.165},
}

@inproceedings{mostafazadeh2016corpus,
	author    = {Nasrin Mostafazadeh and
	Nathanael Chambers and
	Xiaodong He and
	Devi Parikh and
	Dhruv Batra and
	Lucy Vanderwende and
	Pushmeet Kohli and
	James F. Allen},
	title     = {A Corpus and Cloze Evaluation for Deeper Understanding of Commonsense
	Stories},
	booktitle = {NAACL-HLT},
	pages     = {839--849},
	publisher = {The Association for Computational Linguistics},
	year      = {2016},
	doi       = {10.18653/v1/n16-1098},
}

@inproceedings{zhang2018personalizing,
	author    = {Saizheng Zhang and
	Emily Dinan and
	Jack Urbanek and
	Arthur Szlam and
	Douwe Kiela and
	Jason Weston},
	title     = {Personalizing Dialogue Agents: {I} have a dog, do you have pets too?},
	booktitle = {ACL, Volume
	1: Long Papers},
	pages     = {2204--2213},
	publisher = {Association for Computational Linguistics},
	year      = {2018},
	doi       = {10.18653/v1/P18-1205},
}

@inproceedings{lei2021finer,
	author    = {Yuejie Lei and
	Fujia Zheng and
	Yuanmeng Yan and
	Keqing He and
	Weiran Xu},
	title     = {A Finer-grain Universal Dialogue Semantic Structures based Model For
	Abstractive Dialogue Summarization},
	booktitle = {EMNLP},
	series    = {Findings of {ACL}},
	volume    = {{EMNLP} 2021},
	pages     = {1354--1364},
	publisher = {Association for Computational Linguistics},
	year      = {2021},
}

@inproceedings{qi2021improving,
	author    = {MengNan Qi and
	Hao Liu and
	Yuzhuo Fu and
	Ting Liu},
	title     = {Improving Abstractive Dialogue Summarization with Hierarchical Pretraining
	and Topic Segment},
	booktitle = {EMNLP},
	series    = {Findings of {ACL}},
	volume    = {{EMNLP} 2021},
	pages     = {1121--1130},
	publisher = {Association for Computational Linguistics},
	year      = {2021},
}

@inproceedings{li2021learn,
	author    = {Haoran Li and
	Song Xu and
	Peng Yuan and
	Yujia Wang and
	Youzheng Wu and
	Xiaodong He and
	Bowen Zhou},
	title     = {Learn to Copy from the Copying History: Correlational Copy Network
	for Abstractive Summarization},
	booktitle = {EMNLP},
	pages     = {4091--4101},
	publisher = {Association for Computational Linguistics},
	year      = {2021},
}

@article{raffel2020exploring,
	author    = {Colin Raffel and
	Noam Shazeer and
	Adam Roberts and
	Katherine Lee and
	Sharan Narang and
	Michael Matena and
	Yanqi Zhou and
	Wei Li and
	Peter J. Liu},
	title     = {Exploring the Limits of Transfer Learning with a Unified Text-to-Text
	Transformer},
	journal   = {J. Mach. Learn. Res.},
	volume    = {21},
	pages     = {140:1--140:67},
	year      = {2020},
}

@inproceedings{zhu2015aligning,
	author    = {Yukun Zhu and
	Ryan Kiros and
	Richard S. Zemel and
	Ruslan Salakhutdinov and
	Raquel Urtasun and
	Antonio Torralba and
	Sanja Fidler},
	title     = {Aligning Books and Movies: Towards Story-Like Visual Explanations
	by Watching Movies and Reading Books},
	booktitle = {ICCV},
	pages     = {19--27},
	publisher = {{IEEE} Computer Society},
	year      = {2015},
	doi       = {10.1109/ICCV.2015.11},
}

@inproceedings{bai2021joint,
	author    = {Jiaxin Bai and
	Hongming Zhang and
	Yangqiu Song and
	Kun Xu},
	title     = {Joint Coreference Resolution and Character Linking for Multiparty
	Conversation},
	booktitle = {EACL},
	pages     = {539--548},
	publisher = {Association for Computational Linguistics},
	year      = {2021},
}

@inproceedings{chowdhury2019cqasumm,
	author    = {Tanya Chowdhury and
	Tanmoy Chakraborty},
	title     = {{CQASUMM:} Building References for Community Question Answering Summarization
	Corpora},
	booktitle = {COMAD/CODS},
	pages     = {18--26},
	publisher = {{ACM}},
	year      = {2019},
	doi       = {10.1145/3297001.3297004},
}

@article{shi2021neural,
	author    = {Tian Shi and
	Yaser Keneshloo and
	Naren Ramakrishnan and
	Chandan K. Reddy},
	title     = {Neural Abstractive Text Summarization with Sequence-to-Sequence Models},
	journal   = {ACM Trans. Data Sci.},
	volume    = {2},
	number    = {1},
	pages     = {1:1--1:37},
	year      = {2021},
	doi       = {10.1145/3419106},
}

@article{syed2021survey,
	author    = {Ayesha Ayub Syed and
	Ford Lumban Gaol and
	Tokuro Matsuo},
	title     = {A Survey of the State-of-the-Art Models in Neural Abstractive Text
	Summarization},
	journal   = {{IEEE} Access},
	volume    = {9},
	pages     = {13248--13265},
	year      = {2021},
	doi       = {10.1109/ACCESS.2021.3052783},
}


@inproceedings{murray2005extractive,
	author    = {Gabriel Murray and
	Steve Renals and
	Jean Carletta},
	title     = {Extractive summarization of meeting recordings},
	booktitle = {INTERSPEECH},
	pages     = {593--596},
	publisher = {{ISCA}},
	year      = {2005},
}

@article{zechner2002automatic,
	author    = {Klaus Zechner},
	title     = {Automatic Summarization of Open-Domain Multiparty Dialogues in Diverse
	Genres},
	journal   = {Comput. Linguistics},
	volume    = {28},
	number    = {4},
	pages     = {447--485},
	year      = {2002},
	doi       = {10.1162/089120102762671945},
}

@article{stolcke2000dialogue,
	author    = {Andreas Stolcke and
	Klaus Ries and
	Noah Coccaro and
	Elizabeth Shriberg and
	Rebecca A. Bates and
	Daniel Jurafsky and
	Paul Taylor and
	Rachel Martin and
	Carol Van Ess{-}Dykema and
	Marie Meteer},
	title     = {Dialogue Act Modeling for Automatic Tagging and Recognition of Conversational
	Speech},
	journal   = {CoRR},
	volume    = {cs.CL/0006023},
	year      = {2000},
}

@inproceedings{arguello2006topic,
	author={Jaime Arguello and Carolyn Ros{\'e}},
	title={Topic-segmentation of dialogue},
	booktitle={Proceedings of the Analyzing Conversations in Text and Speech},
	pages={42--49},
	year={2006}
}

@inproceedings{choi2000advances,
	author    = {Freddy Y. Y. Choi},
	title     = {Advances in domain independent linear text segmentation},
	booktitle = {ANLP},
	pages     = {26--33},
	publisher = {{ACL}},
	year      = {2000},
}

@inproceedings{reimers2019sentence,
	author    = {Nils Reimers and
	Iryna Gurevych},
	title     = {Sentence-BERT: Sentence Embeddings using Siamese BERT-Networks},
	booktitle = {EMNLP-IJCNLP},
	pages     = {3980--3990},
	publisher = {Association for Computational Linguistics},
	year      = {2019},
	doi       = {10.18653/v1/D19-1410},
}

@inproceedings{zhang2021exploratory,
	author    = {Yusen Zhang and
	Ansong Ni and
	Tao Yu and
	Rui Zhang and
	Chenguang Zhu and
	Budhaditya Deb and
	Asli Celikyilmaz and
	Ahmed Hassan Awadallah and
	Dragomir R. Radev},
	title     = {An Exploratory Study on Long Dialogue Summarization: What Works and
	What's Next},
	booktitle = {EMNLP},
	series    = {Findings of {ACL}},
	volume    = {{EMNLP} 2021},
	pages     = {4426--4433},
	publisher = {Association for Computational Linguistics},
	year      = {2021},
}

@inproceedings{rush2015neural,
	author    = {Alexander M. Rush and
	Sumit Chopra and
	Jason Weston},
	title     = {A Neural Attention Model for Abstractive Sentence Summarization},
	booktitle = {EMNLP},
	pages     = {379--389},
	publisher = {The Association for Computational Linguistics},
	year      = {2015},
	doi       = {10.18653/v1/d15-1044},
}

@inproceedings{grusky2018newsroom,
	author    = {Max Grusky and
	Mor Naaman and
	Yoav Artzi},
	title     = {Newsroom: {A} Dataset of 1.3 Million Summaries with Diverse Extractive
	Strategies},
	booktitle = {NAACL-HLT, Volume
	1 (Long Papers)},
	pages     = {708--719},
	publisher = {Association for Computational Linguistics},
	year      = {2018},
	doi       = {10.18653/v1/n18-1065},
}


@inproceedings{evan2008nyt,
	author={Evan Sandhaus},
	title={The New York Times annotated corpus},
	year={2008},
	booktitle={Linguistic Data Consortium},
}

@inproceedings{peng2020few,
	author    = {Baolin Peng and
	Chenguang Zhu and
	Chunyuan Li and
	Xiujun Li and
	Jinchao Li and
	Michael Zeng and
	Jianfeng Gao},
	title     = {Few-shot Natural Language Generation for Task-Oriented Dialog},
	booktitle = {EMNLP},
	series    = {Findings of {ACL}},
	volume    = {{EMNLP} 2020},
	pages     = {172--182},
	publisher = {Association for Computational Linguistics},
	year      = {2020},
	doi       = {10.18653/v1/2020.findings-emnlp.17},
}

@inproceedings{ulrich2008publicly,
	author={Jan Ulrich and Gabriel Murray and Giuseppe Carenini},
	title={A publicly available annotated corpus for supervised email summarization},
	booktitle={Proc. of aaai email-2008 workshop, 2008},
	year={2008}
}

@inproceedings{loza2014email,
	author    = {Vanessa Loza and
	Shibamouli Lahiri and
	Rada Mihalcea and
	Po{-}Hsiang Lai},
	title     = {Building a Dataset for Summarization and Keyword Extraction from Emails},
	booktitle = {LREC},
	pages     = {2441--2446},
	publisher = {European Language Resources Association {(ELRA)}},
	year      = {2014},
}

@inproceedings{tepper2018personal,
	author    = {Naama Tepper and
	Anat Hashavit and
	Maya Barnea and
	Inbal Ronen and
	Lior Leiba},
	title     = {Collabot: Personalized Group Chat Summarization},
	booktitle = {WSDM},
	pages     = {771--774},
	publisher = {{ACM}},
	year      = {2018},
	url       = {https://doi.org/10.1145/3159652.3160588},
	doi       = {10.1145/3159652.3160588}
}

@article{hussain2021video,
	author    = {Tanveer Hussain and
	Khan Muhammad and
	Weiping Ding and
	Jaime Lloret and
	Sung Wook Baik and
	Victor Hugo C. de Albuquerque},
	title     = {A comprehensive survey of multi-view video summarization},
	journal   = {Pattern Recognit.},
	volume    = {109},
	pages     = {107567},
	year      = {2021},
	doi       = {10.1016/j.patcog.2020.107567},
}

@inproceedings{koay2020meet,
	author    = {Jia Jin Koay and
	Alexander Roustai and
	Xiaojin Dai and
	Dillon Burns and
	Alec Kerrigan and
	Fei Liu},
	title     = {How Domain Terminology Affects Meeting Summarization Performance},
	booktitle = {COLING},
	pages     = {5689--5695},
	publisher = {International Committee on Computational Linguistics},
	year      = {2020},
	doi       = {10.18653/v1/2020.coling-main.499},
}

@inproceedings{singla2017spoken,
	author    = {Karan Singla and
	Evgeny A. Stepanov and
	Ali Orkan Bayer and
	Giuseppe Carenini and
	Giuseppe Riccardi},
	title     = {Automatic Community Creation for Abstractive Spoken Conversations
	Summarization},
	booktitle = {Proceedings of the Workshop on New Frontiers in Summarization, NFiS@EMNLP'17},
	pages     = {43--47},
	publisher = {Association for Computational Linguistics},
	year      = {2017},
	doi       = {10.18653/v1/w17-4506}
}

@inproceedings{di2020da,
	author    = {Jiasheng Di and
	Xiao Wei and
	Zhenyu Zhang},
	title     = {How to Interact and Change? Abstractive Dialogue Summarization with
	Dialogue Act Weight and Topic Change Info},
	booktitle = {KSEM,
	Part {II}},
	series    = {Lecture Notes in Computer Science},
	volume    = {12275},
	pages     = {238--249},
	publisher = {Springer},
	year      = {2020},
	doi       = {10.1007/978-3-030-55393-7\_22},
}

@inproceedings{molennar2020healthcare,
	author    = {Sabine Molenaar and
	Lientje Maas and
	Ver{\'{o}}nica Burriel and
	Fabiano Dalpiaz and
	Sjaak Brinkkemper},
	title     = {Medical Dialogue Summarization for Automated Reporting in Healthcare},
	booktitle = {Advanced Information Systems Engineering Workshops - CAiSE 2020 International
	Workshops},
	series    = {Lecture Notes in Business Information Processing},
	volume    = {382},
	pages     = {76--88},
	publisher = {Springer},
	year      = {2020},
	doi       = {10.1007/978-3-030-49165-9\_7}
}

@article{yuan2019scaffolds,
	author    = {Lin Yuan and
	Zhou Yu},
	title     = {Abstractive Dialog Summarization with Semantic Scaffolds},
	year      = {2019},
	eprint    = {arXiv:1910.00825},
}

@article{gan2021inspectional,
	author    = {Leilei Gan and
	Yating Zhang and
	Kun Kuang and
	Lin Yuan and
	Shuo Li and
	Changlong Sun and
	Xiaozhong Liu and
	Fei Wu},
	title     = {Dialogue Inspectional Summarization with Factual Inconsistency Awareness},
	year      = {2021},
	eprint    = {arXiv:2111.03284},
}

@inproceedings{liu2021dynamic,
	author       = {Zhengyuan Liu and
	Nancy F. Chen},
	title        = {Dynamic Sliding Window Modeling for Abstractive Meeting Summarization},
	booktitle    = {Interspeech 2022, 23rd Annual Conference of the International Speech
	Communication Association},
	pages        = {5150--5154},
	publisher    = {{ISCA}},
	year         = {2022},
	doi          = {10.21437/Interspeech.2022-121},
}

@article{nair2021data,
	author    = {Varun Nair and
	Namit Katariya and
	Xavier Amatriain and
	Ilya Valmianski and
	Anitha Kannan},
	title     = {Adding more data does not always help: {A} study in medical conversation
	summarization with {PEGASUS}},
	year      = {2021},
	eprint    = {arXiv:2111.07564},
}

@inproceedings{MehdadCTN13,
	author    = {Yashar Mehdad and
	Giuseppe Carenini and
	Frank Wm. Tompa and
	Raymond T. Ng},
	title     = {Abstractive Meeting Summarization with Entailment and Fusion},
	booktitle = {ENLG},
	pages     = {136--146},
	publisher = {The Association for Computer Linguistics},
	year      = {2013}
}

@inproceedings{OyaMCN14,
	author    = {Tatsuro Oya and
	Yashar Mehdad and
	Giuseppe Carenini and
	Raymond T. Ng},
	title     = {A Template-based Abstractive Meeting Summarization: Leveraging Summary
	and Source Text Relationships},
	booktitle = {INLG},
	pages     = {45--53},
	publisher = {The Association for Computer Linguistics},
	year      = {2014},
	doi       = {10.3115/v1/w14-4407}
}

@article{vaswani2017attention,
	title={Attention is all you need},
	author={Ashish Vaswani and Noam Shazeer and Niki Parmar and Jakob Uszkoreit and Llion Jones and Aidan N Gomez and {\L}ukasz Kaiser and Illia Polosukhin},
	journal={NeurIPS},
	volume={30},
	year={2017}
}

@inproceedings{gehring2017convolutional,
	title={Convolutional sequence to sequence learning},
	author={Jonas Gehring and Michael Auli and David Grangier and Denis Yarats and Yann N Dauphin},
	booktitle={ICML},
	pages={1243--1252},
	year={2017},
	organization={PMLR}
}

@article{lecun1989handwritten,
	title={Handwritten digit recognition with a back-propagation network},
	author={Yann LeCun and Bernhard Boser and John Denker and Donnie Henderson and Richard Howard and Wayne Hubbard and Lawrence Jackel},
	journal={NeurIPS},
	volume={2},
	year={1989}
}

@techreport{rumelhart1985learning,
	title={Learning internal representations by error propagation},
	author={David E Rumelhart and Geoffrey E Hinton and Ronald J Williams},
	year={1985},
	institution={California Univ San Diego La Jolla Inst for Cognitive Science}
}

@inproceedings{nallapati2016abstractive,
	title = {Abstractive Text Summarization using Sequence-to-sequence {RNN}s and Beyond},
	author = {Ramesh Nallapati and
	Bowen Zhou and
	Cicero dos Santos and
	Caglar Gulcehre and
	Bing Xiang},
	booktitle = {SIGNLL},
	year = {2016},
	publisher = {Association for Computational Linguistics},
	doi = {10.18653/v1/K16-1028},
	pages = {280--290},
}


%%%ADD%%%
@article{tang2021confit,
	title={Confit: Toward faithful dialogue summarization with linguistically-informed contrastive fine-tuning},
	author={Xiangru Tang and Arjun Nair and Borui Wang and Bingyao Wang and Jai Desai and Aaron Wade and Haoran Li and Asli Celikyilmaz and Yashar Mehdad and Dragomir Radev},
	journal={arXiv preprint arXiv:2112.08713},
	year={2021}
}

@inproceedings{hanna2021fine,
	title={A Fine-Grained Analysis of BERTScore},
	author={Michael Hanna and Ond{\v{r}}ej Bojar},
	booktitle={Proceedings of the Sixth Conference on Machine Translation},
	pages={507--517},
	year={2021}
}

@article{shao2017efficient,
	title={Efficient and effective single-document summarizations and a word-embedding measurement of quality},
	author={Liqun Shao and Hao Zhang and Ming Jia and Jie Wang},
	journal={arXiv preprint arXiv:1710.00284},
	year={2017}
}

@inproceedings{durmus2020feqa,
	title={FEQA: A Question Answering Evaluation Framework for Faithfulness Assessment in Abstractive Summarization},
	author={Esin Durmus and He He and Mona Diab},
	booktitle={ACL},
	pages={5055--5070},
	year={2020}
}

@inproceedings{egan2022play,
	title={Play the shannon game with language models: A human-free approach to summary evaluation},
	author={Nicholas Egan and Oleg Vasilyev and John Bohannon},
	booktitle={AAAI},
	volume={36},
	number={10},
	pages={10599--10607},
	year={2022}
}

@inproceedings{liu2022reference,
	title={Reference-free Summarization Evaluation via Semantic Correlation and Compression Ratio},
	author={Yizhu Liu and Qi Jia and Kenny Zhu},
	booktitle={NAACL},
	pages={2109--2115},
	year={2022}
}

@inproceedings{DathathriMLHFMY20,
	author    = {Sumanth Dathathri and
	Andrea Madotto and
	Janice Lan and
	Jane Hung and
	Eric Frank and
	Piero Molino and
	Jason Yosinski and
	Rosanne Liu},
	title     = {Plug and Play Language Models: {A} Simple Approach to Controlled Text
	Generation},
	booktitle = {ICLR},
	year      = {2020},
}

@article{wang2022clidsum,
	title={Clidsum: A benchmark dataset for cross-lingual dialogue summarization},
	author={Jiaan Wang and Fandong Meng and Ziyao Lu and Duo Zheng and Zhixu Li and Jianfeng Qu and Jie Zhou},
	journal={arXiv preprint arXiv:2202.05599},
	year={2022}
}
@inproceedings{feng2022msamsum,
	title={MSAMSum: Towards Benchmarking Multi-lingual Dialogue Summarization},
	author={Xiachong Feng and Xiaocheng Feng and Bing Qin},
	booktitle={Proceedings of the Second DialDoc Workshop on Document-grounded Dialogue and Conversational Question Answering},
	pages={1--12},
	year={2022}
}

@article{chen2022cross,
	title={The Cross-lingual Conversation Summarization Challenge},
	author={Yulong Chen and Ming Zhong and Xuefeng Bai and Naihao Deng and Jing Li and Xianchao Zhu and Yue Zhang},
	journal={arXiv preprint arXiv:2205.00379},
	year={2022}
}

@inproceedings{tang2021multilingual,
	title={Multilingual translation from denoising pre-training},
	author={Yuqing Tang and Chau Tran and Xian Li and Peng-Jen Chen and Naman Goyal and Vishrav Chaudhary and Jiatao Gu and Angela Fan},
	booktitle={Findings of ACL-IJCNLP},
	pages={3450--3466},
	year={2021}
}

@inproceedings{yan2022robustness,
	title = {On the Robustness of Reading Comprehension Models to Entity Renaming},
	author = {Jun Yan and Yang Xiao and Sagnik Mukherjee and Bill Yuchen Lin and
	Robin Jia and
	Xiang Ren},
	booktitle = {NAACL},
	year = {2022},
	address = {Seattle, United States},
	publisher = {Association for Computational Linguistics},
	doi = {10.18653/v1/2022.naacl-main.37},
	pages = {508--520},
}

@inproceedings{wang-etal-2022-rely,
	title = {Should We Rely on Entity Mentions for Relation Extraction? Debiasing Relation Extraction with Counterfactual Analysis},
	author = {Yiwei Wang and
	Muhao Chen and
	Wenxuan Zhou and
	Yujun Cai and
	Yuxuan Liang and
	Dayiheng Liu and
	Baosong Yang and
	Juncheng Liu and
	Bryan Hooi},
	booktitle = {NAACL},
	year = {2022},
	address = {Seattle, United States},
	publisher = {Association for Computational Linguistics},
	doi = {10.18653/v1/2022.naacl-main.224},
	pages = {3071--3081},
}

@article{asi2022end,
	title={An End-to-End Dialogue Summarization System for Sales Calls},
	author={Abedelkadir Asi and Song Wang and Roy Eisenstadt and Dean Geckt and Yarin Kuper and Yi Mao and Royi Ronen},
	journal={arXiv preprint arXiv:2204.12951},
	year={2022}
}

@article{brown2020language,
	title={Language models are few-shot learners},
	author={Tom Brown and Benjamin Mann and Nick Ryder and Melanie Subbiah and Jared D Kaplan and Prafulla Dhariwal and Arvind Neelakantan and Pranav Shyam and Girish Sastry and Amanda Askell and others},
	journal={NeurIPS},
	volume={33},
	pages={1877--1901},
	year={2020}
}

@article{alemi2015text,
	title={Text segmentation based on semantic word embeddings},
	author={Alexander A Alemi and Paul Ginsparg},
	journal={arXiv preprint arXiv:1503.05543},
	year={2015}
}

@inproceedings{kryscinski2020evaluating,
	title={Evaluating the Factual Consistency of Abstractive Text Summarization},
	author={Wojciech Kry{\'s}ci{\'n}ski and Bryan McCann and Caiming Xiong and Richard Socher},
	booktitle={EMNLP},
	pages={9332--9346},
	year={2020}
}

@inproceedings{maynez2020faithfulness,
	title={On Faithfulness and Factuality in Abstractive Summarization},
	author={Joshua Maynez and Shashi Narayan and Bernd Bohnet and Ryan McDonald},
	booktitle={ACL},
	pages={1906--1919},
	year={2020}
}

@inproceedings{liu2022data,
	title={Data Augmentation for Low-Resource Dialogue Summarization},
	author={Yongtai Liu and Joshua Maynez and Gon{\c{c}}alo Sim{\~o}es and Shashi Narayan},
	booktitle={Findings of NAACL},
	pages={703--710},
	year={2022}
}

@inproceedings{yamamura2016kyutech,
	title={The Kyutech corpus and topic segmentation using a combined method},
	author={Takashi  Yamamura and Kazutaka Shimada and Shintaro Kawahara},
	booktitle={Proceedings of the 12th Workshop on Asian Language Resources (ALR12)},
	pages={95--104},
	year={2016}
}

@inproceedings{nakayama2021corpus,
	title={Corpus construction for topic-based summarization of multi-party conversation},
	author={Yuri Nakayama and Tsukasa Shiota and Kazutaka Shimada},
	booktitle={International Conference on Asian Language Processing (IALP)},
	pages={229--234},
	year={2021},
	organization={IEEE}
}

@inproceedings{park2022leveraging,
	title={Leveraging Non-dialogue Summaries for Dialogue Summarization},
	author={Seongmin Park and Dongchan Shin and Jihwa Lee},
	booktitle={Proceedings of the First Workshop On Transcript Understanding},
	pages={1--7},
	year={2022}
}

@inproceedings{kim2022mind,
	title={Mind the Gap! Injecting Commonsense Knowledge for Abstractive Dialogue Summarization},
	author={Seungone Kim and Se June Joo and Hyungjoo Chae and Chaehyeong Kim and Seung-won Hwang and Jinyoung Yeo},
	booktitle={COLING},
	pages={6285--6300},
	year={2022}
}

@inproceedings{gabriel2021paragraph,
	title={Paragraph-level commonsense transformers with recurrent memory},
	author={Saadia Gabriel and Chandra Bhagavatula and Vered Shwartz and Ronan Le Bras and Maxwell Forbes and Yejin Choi},
	booktitle={AAAI},
	volume={35},
	number={14},
	pages={12857--12865},
	year={2021}
}

@inproceedings{favre2015call,
	title={Call centre conversation summarization: A pilot task at multiling 2015},
	author={Benoit Favre and Evgeny Stepanov and J{\'e}r{\'e}my Trione and Fr{\'e}d{\'e}ric B{\'e}chet and Giuseppe Riccardi},
	booktitle={Proceedings of the 16th Annual Meeting of the Special Interest Group on Discourse and Dialogue},
	pages={232--236},
	year={2015}
}

@inproceedings{park2022unsupervised,
	title={Unsupervised Abstractive Dialogue Summarization with Word Graphs and POV Conversion},
	author={Seongmin Park and Jihwa Lee},
	booktitle={Proceedings of the 2nd Workshop on Deriving Insights from User-Generated Text},
	pages={1--9},
	year={2022}
}

@inproceedings{tarnpradab2017toward,
	title={Toward extractive summarization of online forum discussions via hierarchical attention networks},
	author={Sansiri Tarnpradab and Fei Liu and Kien A Hua},
	booktitle={The Thirtieth International Flairs Conference},
	year={2017}
}

@article{yang2022tanet,
	title={TANet: Thread-Aware Pretraining for Abstractive Conversational Summarization},
	author={Ze Yang and Liran Wang and Zhoujin Tian and Wei Wu and Zhoujun Li},
	journal={arXiv preprint arXiv:2204.04504},
	year={2022}
}

@inproceedings{lin2022other,
	title={Other Roles Matter! Enhancing Role-Oriented Dialogue Summarization via Role Interactions},
	author={Haitao Lin and Junnan Zhu and Lu Xiang and Yu Zhou and Jiajun Zhang and Chengqing Zong},
	booktitle={ACL},
	pages={2545--2558},
	year={2022}
}

@inproceedings{jia-etal-2022-post,
	title = {Post-Training Dialogue Summarization using Pseudo-Paraphrasing},
	author = {Qi Jia and Yizhu Liu and
	Haifeng Tang and
	Kenny Zhu},
	booktitle = {Findings of NAACL},
	year = {2022},
	publisher = {Association for Computational Linguistics"},
	doi = {10.18653/v1/2022.findings-naacl.125},
	pages = {1660--1669},
}

@inproceedings{amanda-etal-2022-shift,
	title = {He Said, She Said: Style Transfer for Shifting the Perspective of Dialogues},
	author = {Amanda Bertsch  and
	Graham Neubig  and
	Matthew R.Gormley},
	booktitle = {Findings of EMNLP},
	year = {2022},
	publisher = {Association for Computational Linguistics},
}

@inproceedings{fang2022spoken,
	title={From spoken dialogue to formal summary: An utterance rewriting for dialogue summarization},
	author={Yue Fang and Hainan Zhang and Hongshen Chen and Zhuoye Ding and Bo Long and Yanyan Lan and Yanquan Zhou},
	booktitle={NAACL},
	pages={3859--3869},
	year={2022}
}

@article{touvron2023llama,
	title={Llama: Open and efficient foundation language models},
	author={Touvron, Hugo and Lavril, Thibaut and Izacard, Gautier and Martinet, Xavier and Lachaux, Marie-Anne and Lacroix, Timoth{\'e}e and Rozi{\`e}re, Baptiste and , Naman and Hambro, Eric and Azhar, Faisal and others},
	journal={arXiv preprint arXiv:2302.13971},
	year={2023}
}

@article{openai2022,
	title = {Online ChatGPT: Optimizing Language Models for Dialogue},
	url = {https://online-chatgpt.com/},
	author = {OpenAI},
	journal={OpenAI Blog},
	year={2022}
}

@inproceedings{wang2022analyzing,
	title={Analyzing and Evaluating Faithfulness in Dialogue Summarization},
	author={Wang, Bin and Zhang, Chen and Zhang, Yan and Chen, Yiming and Li, Haizhou},
	booktitle={Proceedings of the 2022 Conference on Empirical Methods in Natural Language Processing},
	pages={4897--4908},
	year={2022}
}

@article{laban2022summac,
	title={SummaC: Re-visiting NLI-based models for inconsistency detection in summarization},
	author={Laban, Philippe and Schnabel, Tobias and Bennett, Paul N and Hearst, Marti A},
	journal={Transactions of the Association for Computational Linguistics},
	volume={10},
	pages={163--177},
	year={2022},
	doi= {10.1162/tacl\_a\_00453},
}

@inproceedings{jia2023reducing,
	title = {Reducing Sensitivity on Speaker Names for Text Generation from Dialogues},
	author = {Jia, Qi  and
	Tang, Haifeng  and
	Zhu, Kenny},
	booktitle = {Findings of the Association for Computational Linguistics: ACL 2023},
	year = {2023},
	address = {Toronto, Canada},
	publisher = {Association for Computational Linguistics},
	pages = {2058--2073},
}

@article{cot,
  title={Chain-of-thought prompting elicits reasoning in large language models},
  author={Wei, Jason and Wang, Xuezhi and Schuurmans, Dale and Bosma, Maarten and Xia, Fei and Chi, Ed and Le, Quoc V and Zhou, Denny and others},
  journal={Advances in Neural Information Processing Systems},
  volume={35},
  pages={24824--24837},
  year={2022}
}

@inproceedings{wang-etal-2023-element,
    title = {Element-aware Summarization with Large Language Models: Expert-aligned Evaluation and Chain-of-Thought Method},
    author = {Wang, Yiming  and
      Zhang, Zhuosheng  and
      Wang, Rui},
    booktitle = {Proceedings of the 61st Annual Meeting of the Association for Computational Linguistics (Volume 1: Long Papers)},
    year = {2023},
    address = {Toronto, Canada},
    publisher = {Association for Computational Linguistics},
    pages = {8640--8665},
}

@inproceedings{gao2022dialsummeval,
	title={DialSummEval: Revisiting summarization evaluation for dialogues},
	author={Gao, Mingqi and Wan, Xiaojun},
	booktitle={Proceedings of the 2022 Conference of the North American Chapter of the Association for Computational Linguistics: Human Language Technologies},
	pages={5693--5709},
	year={2022}
}

@inproceedings{liu2023picking,
	title={Picking the Underused Heads: A Network Pruning Perspective of Attention Head Selection for Fusing Dialogue Coreference Information},
	author={Liu, Zhengyuan and Chen, Nancy F},
	booktitle={ICASSP 2023-2023 IEEE International Conference on Acoustics, Speech and Signal Processing (ICASSP)},
	pages={1--5},
	year={2023},
	organization={IEEE}
}

@inproceedings{liu2022entity,
	title={Entity-based De-noising Modeling for Controllable Dialogue Summarization},
	author={Liu, Zhengyuan and Chen, Nancy},
	booktitle={Proceedings of the 23rd Annual Meeting of the Special Interest Group on Discourse and Dialogue},
	pages={407--418},
	year={2022}
}

@article{yuan2021bartscore,
	title={Bartscore: Evaluating generated text as text generation},
	author={Yuan, Weizhe and Neubig, Graham and Liu, Pengfei},
	journal={Advances in Neural Information Processing Systems},
	volume={34},
	pages={27263--27277},
	year={2021}
}}

@inproceedings{banko-etal-2000-headline,
    title = {Headline Generation Based on Statistical Translation},
    author = {Banko, Michele  and
      Mittal, Vibhu O.  and
      Witbrock, Michael J.},
    booktitle = {Proceedings of the 38th Annual Meeting of the Association for Computational Linguistics},
    year = {2000},
    pages = {318--325},
}




@article{nenkova2005impact,
  title={The impact of frequency on summarization},
  author={Nenkova, Ani and Vanderwende, Lucy},
  journal={Microsoft Research, Redmond, Washington, Tech. Rep. MSR-TR-2005},
  volume={101},
 year={2005}
}

@inproceedings{lin2000automated,
  title={The automated acquisition of topic signatures for text summarization},
  author={Lin, Chin-Yew and Hovy, Eduard},
  booktitle={COLING 2000 volume 1: The 18th international conference on computational linguistics},
  year={2000}
}

@inproceedings{berg2011jointly,
  title={Jointly learning to extract and compress},
  author={Berg-Kirkpatrick, Taylor and Gillick, Dan and Klein, Dan},
  booktitle={Proceedings of the 49th Annual Meeting of the Association for Computational Linguistics: Human Language Technologies},
  pages={481--490},
  year={2011}
}

@inproceedings{sipos2012large,
  title={Large-margin learning of submodular summarization models},
  author={Sipos, Ruben and Shivaswamy, Pannaga and Joachims, Thorsten},
  booktitle={Proceedings of the 13th Conference of the European Chapter of the Association for Computational Linguistics},
  pages={224--233},
  year={2012}
}

@inproceedings{celikyilmaz2010hybrid,
  title={A hybrid hierarchical model for multi-document summarization},
  author={Celikyilmaz, Asli and Hakkani-Tur, Dilek},
  booktitle={Proceedings of the 48th Annual Meeting of the Association for Computational Linguistics},
  pages={815--824},
  year={2010}
}

@inproceedings{litvak2010new,
  title={A new approach to improving multilingual summarization using a genetic algorithm},
  author={Litvak, Marina and Last, Mark and Friedman, Menahem},
  booktitle={Proceedings of the 48th annual meeting of the association for computational linguistics},
  pages={927--936},
  year={2010}
}

@inproceedings{liu2010supervised,
  title={A supervised framework for keyword extraction from meeting transcripts},
  author={Liu, Fei and Liu, Feifan and Liu, Yang},
  journal={IEEE Transactions on Audio, Speech, and Language Processing},
  volume={19},
  number={3},
  pages={538--548},
  year={2010},
  publisher={IEEE}
}
