@inproceedings{palczewska2013interpreting,
  title={Interpreting random forest models using a feature contribution method},
  author={Palczewska, Anna and Palczewski, Jan and Robinson, Richard Marchese and Neagu, Daniel},
  booktitle={Information Reuse and Integration (IRI), 2013 IEEE 14th International Conference on},
  pages={112--119},
  year={2013},
  organization={IEEE}
}
@article{friedman2001greedy,
  title={Greedy function approximation: a gradient boosting machine},
  author={Friedman, Jerome H},
  journal={Annals of statistics},
  pages={1189--1232},
  year={2001},
  publisher={JSTOR}
}
@inproceedings{chen2016xgboost,
  title={Xgboost: A scalable tree boosting system},
  author={Chen, Tianqi and Guestrin, Carlos},
  booktitle={Proceedings of the 22nd acm sigkdd international conference on knowledge discovery and data mining},
  pages={785--794},
  year={2016},
  organization={ACM}
}
@inproceedings{cui2015optimal,
  title={Optimal action extraction for random forests and boosted trees},
  author={Cui, Zhicheng and Chen, Wenlin and He, Yujie and Chen, Yixin},
  booktitle={Proceedings of the 21th ACM SIGKDD International Conference on Knowledge Discovery and Data Mining},
  pages={179--188},
  year={2015},
  organization={ACM}
}
@inproceedings{he2014practical,
  title={Practical lessons from predicting clicks on ads at facebook},
  author={He, Xinran and Pan, Junfeng and Jin, Ou and Xu, Tianbing and Liu, Bo and Xu, Tao and Shi, Yanxin and Atallah, Antoine and Herbrich, Ralf and Bowers, Stuart and others},
  booktitle={Proceedings of the Eighth International Workshop on Data Mining for Online Advertising},
  pages={1--9},
  year={2014},
  organization={ACM}
}
@inproceedings{bennett2007netflix,
  title={The netflix prize},
  author={Bennett, James and Lanning, Stan and others},
  booktitle={Proceedings of KDD cup and workshop},
  volume={2007},
  pages={35},
  year={2007},
  organization={New York, NY, USA}
}
@inproceedings{chapelle2011yahoo,
  title={Yahoo! learning to rank challenge overview},
  author={Chapelle, Olivier and Chang, Yi},
  booktitle={Proceedings of the Learning to Rank Challenge},
  pages={1--24},
  year={2011}
}
@inproceedings{ke2017lightgbm,
  title={LightGBM: A Highly Efficient Gradient Boosting Decision Tree},
  author={Ke, Guolin and Meng, Qi and Finley, Thomas and Wang, Taifeng and Chen, Wei and Ma, Weidong and Ye, Qiwei and Liu, Tie-Yan},
  booktitle={Advances in Neural Information Processing Systems},
  pages={3149--3157},
  year={2017}
}
@article{breiman2001random,
  title={Random forests},
  author={Breiman, Leo},
  journal={Machine learning},
  volume={45},
  number={1},
  pages={5--32},
  year={2001},
  publisher={Springer}
}
@article{Breiman1984Classi,
  title={Classi cation and Regression Trees},
  author={Breiman, L. and Friedman, J. H. and Olshen, R. A. and Stone, C. J.},
  journal={Journal of the American Statistical Association},
  volume={81},
  number={393},
  year={1984},
}
@article{kuz2011interpretation,
  title={Interpretation of QSAR models based on random forest methods},
  author={Kuz'min, Victor E and Polishchuk, Pavel G and Artemenko, Anatoly G and Andronati, Sergey A},
  journal={Molecular informatics},
  volume={30},
  number={6-7},
  pages={593--603},
  year={2011},
  publisher={Wiley Online Library}
}
@article{craven1997using,
  title={Using neural networks for data mining},
  author={Craven, Mark W and Shavlik, Jude W},
  journal={Future generation computer systems},
  volume={13},
  number={2-3},
  pages={211--229},
  year={1997},
  publisher={Elsevier}
}
@article{lei2017distribution,
  title={Distribution-free predictive inference for regression},
  author={Lei, Jing and G'Sell, Max and Rinaldo, Alessandro and Tibshirani, Ryan J and Wasserman, Larry},
  journal={Journal of the American Statistical Association},
  number={just-accepted},
  year={2017},
  publisher={Taylor \& Francis}
}
@inproceedings{zhou2017psmart,
  title={PSMART: Parameter Server based Multiple Additive Regression Trees System},
  author={Zhou, Jun and Cui, Qing and Li, Xiaolong and Zhao, Peilin and Qu, Shenquan and Huang, Jun},
  booktitle={Proceedings of the 26th International Conference on World Wide Web Companion},
  pages={879--880},
  year={2017},
  organization={International World Wide Web Conferences Steering Committee}
}
@book{kullback1997information,
  title={Information theory and statistics},
  author={Kullback, Solomon},
  year={1997},
  publisher={Courier Corporation}
}