@misc{mndoturl,
title = {{MN}/{DOT}},
howpublished = "\url{http://www.dot.state.mn.us/}"
}
@misc{tigerurl,
title = {{TIGER}},
howpublished = "\url{http://www.census.gov/}"
}
@misc{sagaurl,
title = {{SAGA}},
howpublished = "\url{http://www.saga-gis.org/}"
}
@misc{shapefileurl,
title = {{ESRI}, Shapefile technical description},
year = {1998},
howpublished = "\url{http://www.esri.com/}"
}

@inproceedings{AgrawalK02,
  author    = {Rakesh Agrawal and
               Jerry Kiernan},
  title     = {Watermarking Relational Databases},
  booktitle = {VLDB},
  year      = {2002},
  pages     = {155-166},
  ee        = {http://www.vldb.org/conf/2002/S05P03.pdf},
  bibsource = {DBLP, http://dblp.uni-trier.de}
}

@inproceedings{BoneyTH96,
  author    = {Laurence Boney and
               Ahmed H. Tewfik and
               Khaled N. Hamdy},
  title     = {Digital Watermarks for Audio Signals},
  booktitle = {ICMCS},
  year      = {1996},
  pages     = {473-480},
  bibsource = {DBLP, http://dblp.uni-trier.de}
}

@inproceedings{ChangA01,
  author    = {Hoi Chang and
               Mikhail J. Atallah},
  title     = {Protecting Software Code by Guards},
  booktitle = {Digital Rights Management Workshop},
  year      = {2001},
  pages     = {160-175},
  ee        = {http://dx.doi.org/10.1007/3-540-47870-1_10},
  bibsource = {DBLP, http://dblp.uni-trier.de}
}

@inproceedings{chen2006noval,
  title={A Noval Fragile Watermarking Method for Medical Images Using Quadtree Structure},
  author={Chen, L. and Feng, Q. and Yang, F. and Chen, W.},
  booktitle={Engineering in Medicine and Biology Society, 2005. IEEE-EMBS 2005. 27th Annual International Conference of the},
  pages={6258--6261},
  year={2006},
  organization={IEEE}
}

@inproceedings{chang2000computing,
  title={Computing watermarks from images using quadtrees},
  author={Chang, C.C. and Wu, H.C.},
  booktitle={Parallel and Distributed Systems: Workshops, Seventh International Conference on, 2000},
  pages={123--128},
  year={2000},
  organization={IEEE}
}

@incollection{NLW,

title={Natural Language Watermarking: Design, Analysis, and a Proof-of-Concept Implementation},
publisher={Springer Berlin Heidelberg},
author={Atallah, MikhailJ. and Raskin, Victor and Crogan, Michael and Hempelmann, Christian and Kerschbaum, Florian and Mohamed, Dina and Naik, Sanket},
pages={185-200},
year={2001},
isbn={978-3-540-42733-9},
booktitle={Information Hiding},
volume={2137},
series={Lecture Notes in Computer Science},
doi={10.1007/3-540-45496-9_14},
}

@inproceedings{KhannaZ00,
  author    = {Sanjeev Khanna and
               Francis Zane},
  title     = {Watermarking maps: hiding information in structured data},
  booktitle = {SODA},
  year      = {2000},
  pages     = {596-605},
  ee        = {http://doi.acm.org/10.1145/338219.338612},
  bibsource = {DBLP, http://dblp.uni-trier.de}
}

@inproceedings{SionAP02,
  author    = {Radu Sion and
               Mikhail J. Atallah and
               Sunil Prabhakar},
  title     = {On Watermarking Numeric Sets},
  booktitle = {IWDW},
  year      = {2002},
  pages     = {130-146},
  ee        = {http://dx.doi.org/10.1007/3-540-36617-2_12},
  bibsource = {DBLP, http://dblp.uni-trier.de}
}

@inproceedings{SionAP03,
  author    = {Radu Sion and
               Mikhail J. Atallah and
               Sunil Prabhakar},
  title     = {Rights Protection for Relational Data},
  booktitle = {SIGMOD Conference},
  year      = {2003},
  pages     = {98-109},
  ee        = {http://doi.acm.org/10.1145/872757.872772},
  bibsource = {DBLP, http://dblp.uni-trier.de}
}

@inproceedings{DBLP:conf/itcc/Sion02,
  author    = {Radu Sion},
  title     = {Power: A Metric for Evaluating Watermarking Algorithms},
  booktitle = {ITCC},
  year      = {2002},
  pages     = {95-99},
  ee        = {http://doi.ieeecomputersociety.org/10.1109/ITCC.2002.1000367},
  bibsource = {DBLP, http://dblp.uni-trier.de}
}

@inproceedings{OhbuchiUE02,
  author    = {Ryutarou Ohbuchi and
               Hiroo Ueda and
               Shuh Endoh},
  title     = {Robust watermarking of vector digital maps},
  booktitle = {ICME (1)},
  year      = {2002},
  pages     = {577-580},
  ee        = {http://dx.doi.org/10.1109/ICME.2002.1035847},
  bibsource = {DBLP, http://dblp.uni-trier.de}
}

@inproceedings{OhbuchiUE03,
  author    = {Ryutarou Ohbuchi and
               Hiroo Ueda and
               Shuh Endoh},
  title     = {Watermarking 2D Vector Maps in the Mesh-Spectral Domain},
  booktitle = {Shape Modeling International},
  year      = {2003},
  pages     = {216-228},
  ee        = {http://doi.ieeecomputersociety.org/10.1109/SMI.2003.1199619},
  bibsource = {DBLP, http://dblp.uni-trier.de}
}

@inproceedings{Schulz:2004,
  author    = {Gerrit Schulz and
               Michael Voigt},
  title     = {A high capacity watermarking system for digital maps},
  booktitle = {MM{\&}Sec},
  year      = {2004},
  pages     = {180-186},
  ee        = {http://doi.acm.org/10.1145/1022431.1022463},
  bibsource = {DBLP, http://dblp.uni-trier.de}
}
@inproceedings{Voigt:2003,
  author    = {Michael Voigt and
		Christoph Busch},
  title     = {Feature-based watermarking of 2D-Vector Data},
  booktitle = {SPIE,Security and Watermarking of Multimedia Content.Santa Clara,},
  year      = {2003},
  pages     = {359-366},
}


@INPROCEEDINGS{Huo10:Polyline, 
author={Xiao-Jiao Huo and Teak-Young Seung and Bong-Joo Jang and Suk-Hwan Lee and Ki-Ryong Kwon}, 
booktitle={Intelligent Networks and Intelligent Systems (ICINIS), 2010 3rd International Conference on}, 
title={A Watermarking Scheme Using Polyline and Polygon Characteristic of Shapefile}, 
year={2010}, 
month={nov.}, 
volume={}, 
number={}, 
pages={649 -652}, 
keywords={ESRI shape file;GIS vector map;geometric attacks;polygon characteristic;polygon perimeter distribution;polyline characteristic;polyline length;watermarking scheme;computational geometry;geographic information systems;watermarking;}, 
doi={10.1109/ICINIS.2010.115}, 
ISSN={},}

@inproceedings{Niu06:Survey,
  author	= {XiaMu Niu and
		ChengYong Shao and
		XiaoTong Wang},
  title		= {A Survey of Digital Vector Map Watermarking},
  booktitle 	= {2006 International Journal of Innovative Computing,Information and Control Volume 2},
  year		= {2006}
}

@article{Spr:scheme,
  author	=  {Suk-Hwan Lee and
				Ki-Ryong Kwon},
  title		=  {Vector watermarking scheme for {GIS} vector map management},
  journal	=  {DOI10.1007/s11042-011-0894-y SpringerLink}, 
  year		=  {2011}
}

@article{DBLP:journals/mta/WangPPYWZ12,
  author    = {Chuanjian Wang and
               Zhiyong Peng and
               Yuwei Peng and
               Liang Yu and
               Junzhou Wang and
               Qingzhan Zhao},
  title     = {Watermarking geographical data on spatial topological relations},
  journal   = {Multimedia Tools Appl.},
  volume    = {57},
  number    = {1},
  year      = {2012},
  pages     = {67-89},
  ee        = {http://dx.doi.org/10.1007/s11042-010-0536-9},
  bibsource = {DBLP, http://dblp.uni-trier.de}
}

@article{YanLW11,
  author    = {Haowen Yan and
               Jonathan Li and
               Hong Wen},
  title     = {A key points-based blind watermarking approach for vector
               geo-spatial data},
  journal   = {Computers, Environment and Urban Systems},
  volume    = {35},
  number    = {6},
  year      = {2011},
  pages     = {485-492},
  ee        = {http://dx.doi.org/10.1016/j.compenvurbsys.2010.10.004},
  bibsource = {DBLP, http://dblp.uni-trier.de}
}
@article{DOUGLASD.H.:1973,
author="Douglas, D. H.",
title="Algorithms for the reduction of the number of points required to represent a line or its a caricature",
journal="The Canadian Cartographer",
ISSN="",
publisher="",
year="1973",
month="",
volume="10",
number="2",
pages="112-122",
URL="http://ci.nii.ac.jp/naid/30027055952/en/",
DOI="10.3138/FM57-6770-U75U-7727",
}

@INPROCEEDINGS{Kim11:copyright, 
author={Jungyeop Kim and Sungmin Won and Wenjun Zeng and Soohong Park}, 
booktitle={Digital Content, Multimedia Technology and its Applications (IDCTA), 2011 7th International Conference on}, 
title={Copyright protection of vector map using digital watermarking in the spatial domain}, 
year={2011}, 
month={aug.}, 
volume={}, 
number={}, 
pages={154 -159}, 
doi={}, 
ISSN={},}

@INPROCEEDINGS{Kitamura01:DFT, 
author={Kitamura, I. and Kanai, S. and Kishinami, T.}, 
booktitle={Geoscience and Remote Sensing Symposium, 2001. IGARSS '01. IEEE 2001 International}, 
title={Copyright protection of vector map using digital watermarking method based on discrete Fourier transform}, 
year={2001}, 
month={}, 
volume={3}, 
number={}, 
pages={1191 -1193 vol.3}, 
doi={10.1109/IGARSS.2001.976788}, 
ISSN={},}

@INPROCEEDINGS{Kim10:Angles, 
author={Jungyeop Kim}, 
booktitle={Networked Computing and Advanced Information Management (NCM), 2010 Sixth International Conference on}, 
title={Vector map digital watermarking using angles}, 
year={2010}, 
month={aug.}, 
volume={}, 
number={}, 
pages={417 -423}, 
doi={}, 
ISSN={},}

@ARTICLE{DFT, 
author={Solachidis, V. and Pitas, I.}, 
journal={Computer Graphics and Applications, IEEE}, 
title={Watermarking polygonal lines using Fourier descriptors}, 
year={2004}, 
month={may-jun}, 
volume={24}, 
number={3}, 
pages={ 44 - 51}, 
doi={10.1109/MCG.2004.1297010}, 
ISSN={0272-1716},}

@INPROCEEDINGS{Han06:Adaptive, 
author={Han, P. and Gong, J. and Cheng, L.}, 
booktitle={Geoscience and Remote Sensing Symposium, 2006. IGARSS 2006. IEEE International Conference on}, 
title={An Improved Adaptive Watermarking Algorithm for Vector Digital Maps}, 
year={2006}, 
month={31 2006-aug. 4}, 
volume={}, 
number={}, 
pages={2844 -2847}, 
doi={10.1109/IGARSS.2006.731}, 
ISSN={},}

@inproceedings{Bird09:Shape,
 author = {Bird, Stefan and Bellman, Chris and Schyndel, Ron van},
 title = {A Shape-Based Vector Watermark for Digital Mapping},
 booktitle = {Proceedings of the 2009 Digital Image Computing: Techniques and Applications},
 series = {DICTA '09},
 year = {2009},
 isbn = {978-0-7695-3866-2},
 pages = {454--461},
 numpages = {8},
 url = {http://dx.doi.org/10.1109/DICTA.2009.78},
 doi = {10.1109/DICTA.2009.78},
 acmid = {1724789},
 publisher = {IEEE Computer Society},
 address = {Washington, DC, USA},
 keywords = {vector watermarking, geometric watermarking, digital watermarking},
} 

@inproceedings{Voigt04:Reversible,
 author = {Voigt, Michael and Yang, Bian and Busch, Christoph},
 title = {Reversible watermarking of 2D-vector data},
 booktitle = {Proceedings of the 2004 workshop on Multimedia and security},
 series = {MM\&\#38;Sec '04},
 year = {2004},
 isbn = {1-58113-854-7},
 location = {Magdeburg, Germany},
 pages = {160--165},
 numpages = {6},
 url = {http://doi.acm.org/10.1145/1022431.1022459},
 doi = {10.1145/1022431.1022459},
 acmid = {1022459},
 publisher = {ACM},
 address = {New York, NY, USA},
 keywords = {DCT, reversible watermarking, vector data},
}

@InProceedings{KangKC01,
  title =	"A Vector Watermarking Using the Generalized Square Mask",
  author =	"Hwan Kang and Kab Kim and Jong Choi",
  publisher =	"IEEE Computer Society",
  year = 	"2001",
  bibdate =	"2011-10-26",
  bibsource =	"DBLP,
		 http://dblp.uni-trier.de/db/conf/itcc/itcc2001.html#KangKC01",
  booktitle =	"ITCC",
  ISBN = 	"0-7695-1062-0",
  pages =	"234--236",
  URL =  	"http://doi.ieeecomputersociety.org/10.1109/ITCC.2001.918797",
}

@ARTICLE{Im08:Robust, 
author={Dong-Hyuck Im and Hae-Yeoun Lee and Seung-Jin Ryu and Heung-Kyu Lee}, 
journal={Signal Processing Letters, IEEE}, 
title={Vector Watermarking Robust to Both Global and Local Geometrical Distortions}, 
year={2008}, 
month={ }, 
volume={15}, 
number={}, 
pages={789 -792}, 
doi={10.1109/LSP.2008.2006338}, 
ISSN={1070-9908},}

@inproceedings{PuDJ06,
  author    = {Yu-Chi Pu and
               Wei-Chang Du and
               I-Chang Jou},
  title     = {Toward Blind Robust Watermarking of Vector Maps},
  booktitle = {ICPR (3)},
  year      = {2006},
  pages     = {930-933},
  ee        = {http://doi.ieeecomputersociety.org/10.1109/ICPR.2006.1128},
  bibsource = {DBLP, http://dblp.uni-trier.de}
}

@inproceedings{Liyuanyuan03,
 author = {Li, Yuanyuan and Xu, Luping},
 title = {A Blind Watermarking of Vector Graphics Images},
 booktitle = {ICCIMA '03: Proceedings of the 5th International Conference on Computational Intelligence and Multimedia Applications},
 year = {2003},
 isbn = {0-7695-1957-1},
 pages = {424},
 publisher = {IEEE Computer Society},
 address = {Washington, DC, USA},
 }

@book{abramowitz1965handbook,
  title={Handbook of mathematical functions: with formulas, graphs, and mathematical tables},
  author={Abramowitz, M. and Stegun, I.A.},
  volume={55},
  year={1965},
  publisher={Dover publications}
}

@article{Illustration,
author = {Henry Sonnet and Tobias Isenberg and Jana Dittmann and Thomas Strothotte},
title = {Illustration Watermarks for Vector Graphics},
journal ={Computer Graphics and Applications, Pacific Conference on},
volume = {0},
isbn = {0-7695-2028-6},
year = {2003},
pages = {73},
doi = {http://doi.ieeecomputersociety.org/10.1109/PCCGA.2003.1238249},
publisher = {IEEE Computer Society},
address = {Los Alamitos, CA, USA},
}
