% Use this file for citations not found in the ACL Anthology (contained in "anthology.bib").

@inproceedings{lewis2020bart,
	title={BART: Denoising Sequence-to-Sequence Pre-training for Natural Language Generation, Translation, and Comprehension},
	author={Lewis, Mike and Liu, Yinhan and Goyal, Naman and Ghazvininejad, Marjan and Mohamed, Abdelrahman and Levy, Omer and Stoyanov, Veselin and Zettlemoyer, Luke},
	booktitle={Proceedings of the 58th Annual Meeting of the Association for Computational Linguistics},
	pages={7871--7880},
	year={2020}
}

@inproceedings{narayan2018don,
	title={Donâ€™t Give Me the Details, Just the Summary! Topic-Aware Convolutional Neural Networks for Extreme Summarization},
	author={Narayan, Shashi and Cohen, Shay B and Lapata, Mirella},
	booktitle={Proceedings of the 2018 Conference on Empirical Methods in Natural Language Processing},
	pages={1797--1807},
	year={2018}
}

@inproceedings{cohan2018discourse,
	title={A Discourse-Aware Attention Model for Abstractive Summarization of Long Documents},
	author={Cohan, Arman and Dernoncourt, Franck and Kim, Doo Soon and Bui, Trung and Kim, Seokhwan and Chang, Walter and Goharian, Nazli},
	booktitle={Proceedings of the 2018 Conference of the North American Chapter of the Association for Computational Linguistics: Human Language Technologies, Volume 2 (Short Papers)},
	pages={615--621},
	year={2018}
}

@inproceedings{zhang2020dialogpt,
	title={DIALOGPT: Large-Scale Generative Pre-training for Conversational Response Generation},
	author={Zhang, Yizhe and Sun, Siqi and Galley, Michel and Chen, Yen-Chun and Brockett, Chris and Gao, Xiang and Gao, Jianfeng and Liu, Jingjing and Dolan, William B},
	booktitle={Proceedings of the 58th Annual Meeting of the Association for Computational Linguistics: System Demonstrations},
	pages={270--278},
	year={2020}
}

@inproceedings{bao2020plato,
	title={PLATO: Pre-trained Dialogue Generation Model with Discrete Latent Variable},
	author={Bao, Siqi and He, Huang and Wang, Fan and Wu, Hua and Wang, Haifeng},
	booktitle={Proceedings of the 58th Annual Meeting of the Association for Computational Linguistics},
	pages={85--96},
	year={2020}
}

@inproceedings{zhang2020pegasus,
	title={Pegasus: Pre-training with extracted gap-sentences for abstractive summarization},
	author={Zhang, Jingqing and Zhao, Yao and Saleh, Mohammad and Liu, Peter},
	booktitle={International Conference on Machine Learning},
	pages={11328--11339},
	year={2020},
	organization={PMLR}
}

@inproceedings{goo2018abstractive,
	title={Abstractive dialogue summarization with sentence-gated modeling optimized by dialogue acts},
	author={Goo, Chih-Wen and Chen, Yun-Nung},
	booktitle={2018 IEEE Spoken Language Technology Workshop (SLT)},
	pages={735--742},
	year={2018},
	organization={IEEE}
}

@inproceedings{chen2020multi,
	title={Multi-View Sequence-to-Sequence Models with Conversational Structure for Abstractive Dialogue Summarization},
	author={Chen, Jiaao and Yang, Diyi},
	booktitle={Proceedings of the 2020 Conference on Empirical Methods in Natural Language Processing (EMNLP)},
	pages={4106--4118},
	year={2020}
}

@inproceedings{chen2021structure,
	title={Structure-Aware Abstractive Conversation Summarization via Discourse and Action Graphs},
	author={Chen, Jiaao and Yang, Diyi},
	booktitle={Proceedings of the 2021 Conference of the North American Chapter of the Association for Computational Linguistics: Human Language Technologies},
	pages={1380--1391},
	year={2021}
}

@article{ganesh2019restructuring,
	title={Restructuring Conversations using Discourse Relations for Zero-shot Abstractive Dialogue Summarization},
	author={Ganesh, Prakhar and Dingliwal, Saket},
	journal={arXiv preprint arXiv:1902.01615},
	year={2019}
}

@article{narayan2021planning,
	title={Planning with Entity Chains for Abstractive Summarization},
	author={Narayan, Shashi and Zhao, Yao and Maynez, Joshua and Simoes, Gon{\c{c}}alo and McDonald, Ryan},
	journal={arXiv preprint arXiv:2104.07606},
	year={2021}
}


@inproceedings{gliwa2019samsum,
	title={SAMSum Corpus: A Human-annotated Dialogue Dataset for Abstractive Summarization},
	author={Gliwa, Bogdan and Mochol, Iwona and Biesek, Maciej and Wawer, Aleksander},
	booktitle={Proceedings of the 2nd Workshop on New Frontiers in Summarization},
	pages={70--79},
	year={2019}
}

@inproceedings{lin2004rouge,
	title={Rouge: A package for automatic evaluation of summaries},
	author={Lin, Chin-Yew},
	booktitle={Text summarization branches out},
	pages={74--81},
	year={2004}
}

@inproceedings{see2017get,
	title={Get To The Point: Summarization with Pointer-Generator Networks},
	author={See, Abigail and Liu, Peter J and Manning, Christopher D},
	booktitle={Proceedings of the 55th Annual Meeting of the Association for Computational Linguistics (Volume 1: Long Papers)},
	pages={1073--1083},
	year={2017}
}

@inproceedings{chen2018fast,
	title={Fast Abstractive Summarization with Reinforce-Selected Sentence Rewriting},
	author={Chen, Yen-Chun and Bansal, Mohit},
	booktitle={Proceedings of the 56th Annual Meeting of the Association for Computational Linguistics (Volume 1: Long Papers)},
	pages={675--686},
	year={2018}
}

@article{feng2021survey,
	title={A survey on dialogue summarization: Recent advances and new frontiers},
	author={Feng, Xiachong and Feng, Xiaocheng and Qin, Bing},
	journal={arXiv preprint arXiv:2107.03175},
	year={2021}
}

@inproceedings{feng2021language,
  author    = {Xiachong Feng and
               Xiaocheng Feng and
               Libo Qin and
               Bing Qin and
               Ting Liu},
  title     = {Language Model as an Annotator: Exploring DialoGPT for Dialogue Summarization},
  booktitle = {Proceedings of the 59th Annual Meeting of the Association for Computational
               Linguistics and the 11th International Joint Conference on Natural
               Language Processing, {ACL/IJCNLP} 2021, (Volume 1: Long Papers), Virtual
               Event, August 1-6, 2021},
  pages     = {1479--1491},
  year      = {2021}
}




@article{raffel2020exploring,
	title={Exploring the Limits of Transfer Learning with a Unified Text-to-Text Transformer},
	author={Raffel, Colin and Shazeer, Noam and Roberts, Adam and Lee, Katherine and Narang, Sharan and Matena, Michael and Zhou, Yanqi and Li, Wei and Liu, Peter J},
	journal={Journal of Machine Learning Research},
	volume={21},
	pages={1--67},
	year={2020}
}

@inproceedings{zhu2015aligning,
	title={Aligning books and movies: Towards story-like visual explanations by watching movies and reading books},
	author={Zhu, Yukun and Kiros, Ryan and Zemel, Rich and Salakhutdinov, Ruslan and Urtasun, Raquel and Torralba, Antonio and Fidler, Sanja},
	booktitle={Proceedings of the IEEE international conference on computer vision},
	pages={19--27},
	year={2015}
}


@inproceedings{henderson2019repository,
	title={A Repository of Conversational Datasets},
	author={Henderson, Matthew and Budzianowski, Pawe{\l} and Casanueva, I{\~n}igo and Coope, Sam and Gerz, Daniela and Kumar, Girish and Mrk{\v{s}}i{\'c}, Nikola and Spithourakis, Georgios and Su, Pei-Hao and Vuli{\'c}, Ivan and others},
	booktitle={Proceedings of the First Workshop on NLP for Conversational AI},
	pages={1--10},
	year={2019}
}

@article{cho2014learning,
	title={Learning phrase representations using RNN encoder-decoder for statistical machine translation},
	author={Cho, Kyunghyun and Van Merri{\"e}nboer, Bart and Gulcehre, Caglar and Bahdanau, Dzmitry and Bougares, Fethi and Schwenk, Holger and Bengio, Yoshua},
	journal={arXiv preprint arXiv:1406.1078},
	year={2014}
}