@inproceedings{GehrmannDR18,
  author    = {Sebastian Gehrmann and
               Yuntian Deng and
               Alexander M. Rush},
  title     = {Bottom-Up Abstractive Summarization},
  booktitle = {Proceedings of the 2018 Conference on Empirical Methods in Natural
               Language Processing},
  year      = {2018},
}

@inproceedings{CelikyilmazBHC18,
  author    = {Asli {\c{C}}elikyilmaz and
               Antoine Bosselut and
               Xiaodong He and
               Yejin Choi},
  title     = {Deep Communicating Agents for Abstractive Summarization},
  booktitle = {Proceedings of the 2018 Conference of the North American Chapter of
               the Association for Computational Linguistics: Human Language Technologies,
               {NAACL-HLT} 2018},
  year      = {2018},
}

@inproceedings{TanWX17,
  author    = {Jiwei Tan and
               Xiaojun Wan and
               Jianguo Xiao},
  title     = {Abstractive Document Summarization with a Graph-Based Attentional
               Neural Model},
  booktitle = {Proceedings of the 55th Annual Meeting of the Association for Computational
               Linguistics, {ACL} 2017},
  year      = {2017},
}

@inproceedings{ChenZLWJ16,
  author    = {Qian Chen and
               Xiao{-}Dan Zhu and
               Zhen{-}Hua Ling and
               Si Wei and
               Hui Jiang},
  title     = {Distraction-Based Neural Networks for Modeling Document},
  booktitle = {Proceedings of the Twenty-Fifth International Joint Conference on
               Artificial Intelligence, {IJCAI} 2016},
  year      = {2016},
}

@inproceedings{JiangB18,
  author    = {Yichen Jiang and
                 Mohit Bansal},
  title     = {Closed-Book Training to Improve Summarization Encoder Memory},
  booktitle = {Proceedings of the 2018 Conference on Empirical Methods in Natural
              Language Processing},
  year      = {2018},
}

@inproceedings{LinSMS18,
  author    = {Junyang Lin and
               Xu Sun and
               Shuming Ma and
               Qi Su},
  title     = {Global Encoding for Abstractive Summarization},
  booktitle = {Proceedings of the 56th Annual Meeting of the Association for Computational
              Linguistics, {ACL} 2018},
  year      = {2018},
}

@inproceedings{SuzukiN17,
  author    = {Jun Suzuki and
             Masaaki Nagata},
  title     = {Cutting-off Redundant Repeating Generations for Neural Abstractive
            Summarization},
  booktitle = {Proceedings of the 15th Conference of the European Chapter of the
             Association for Computational Linguistics, {EACL} 2017},
  year      = {2017},
}

@inproceedings{OwczarzakCDN12,
  author = {Karolina Owczarzak and
            John M. Conroy and
            Hoa Trang Dang and
            Ani Nenkova},
  title = {An Assessment of the Accuracy of Automatic Evaluation in Summarization},
  booktitle = {Proceedings of Workshop on Evaluation Metrics and System Comparison for Automatic Summarization@NACCL-HLT 2012},
  year = {2012},
}

@inproceedings{ZhouYWZ17,
  author = {Qingyu Zhou and Nan Yang and Furu Wei and Ming Zhou},
  title = {Selective Encoding for Abstractive Sentence Summarization},
  booktitle = {Proceedings of the 55th Annual Meeting of the Association for Computational Linguistics, {ACL} 2017},
  year      = {2017},
}

@inproceedings{LiuLZ18,
  author    = {Yizhu Liu and
               Zhiyi Luo and
               Kenny Q. Zhu},
  title     = {Controlling Length in Abstractive Summarization Using a Convolutional
               Neural Network},
  booktitle = {Proceedings of the 2018 Conference on Empirical Methods in Natural
               Language Processing},
  year      = {2018},
}

@inproceedings{loukina2014automatic,
  title={Automatic evaluation of spoken summaries: the case of language assessment},
  author={Loukina, Anastassia and Zechner, Klaus and Chen, Lei},
  booktitle={Proceedings of the ninth workshop on innovative use of NLP for building educational applications},
  year={2014}
}

@article{albert2017exploring,
  title={Exploring Teacher Forcing Techniques for Sequence-to-Sequence Abstractive Headline Summarization},
  author={Albert, Corbin},
  year={2017},
  publisher={University of Nottingham}
}

@article{Yao,
  author = {Yao, Jin-Ge and Wan, Xiaojun and Xiao, Jianguo},
  title = {Recent Advances in Document Summarization},
  journal = {Knowl. Inf. Syst.},
  year = {2017}
}

@article{bai2018empirical,
  title={An Empirical Evaluation of Generic Convolutional and Recurrent Networks for Sequence Modeling},
  author={Bai, Shaojie and Kolter, J Zico and Koltun, Vladlen},
  journal={arXiv preprint arXiv:1803.01271},
  year={2018}
  }

@article{YaoWX17,
  author    = {Jin{-}ge Yao and
               Xiaojun Wan and
               Jianguo Xiao},
  title     = {Recent advances in document summarization},
  journal   = {Knowl. Inf. Syst.},
  year      = {2017},
}

@InProceedings{gehring2017convs2s,
  author    = {Jonas Gehring and
               Michael Auli and
               David Grangier and
               Denis Yarats and
               Yann N. Dauphin},
  title     = {Convolutional Sequence to Sequence Learning},
  booktitle = {Proceedings of the 34th International Conference on Machine Learning,
               {ICML} 2017},
  year      = {2017}
}

@InProceedings{FanGA18,
  author    = {Angela Fan and
               David Grangier and
               Michael Auli},
  title     = {Controllable Abstractive Summarization},
  booktitle = {Proceedings of the 2nd Workshop on Neural Machine Translation and
               Generation, NMT@ACL 2018},
  year      = {2018},
}

@InProceedings{KikuchiNSTO16,
  author    = {Yuta Kikuchi and
               Graham Neubig and
               Ryohei Sasano and
               Hiroya Takamura and
               Manabu Okumura},
  title     = {Controlling Output Length in Neural Encoder-Decoders},
  booktitle = {Proceedings of the 2016 Conference on Empirical Methods in Natural
               Language Processing, {EMNLP} 2016},
  year      = {2016}
}

@inproceedings{PaulusXS17,
  author    = {Romain Paulus and
               Caiming Xiong and
               Richard Socher},
  title     = {A Deep Reinforced Model for Abstractive Summarization},
  booktitle = {6th International Conference on Learning Representations, {ICLR} 2018,
               Vancouver, BC, Canada, April 30 - May 3, 2018, Conference Track Proceedings},
  year      = {2018},
}

@InProceedings{SeeLM17,
  author    = {Abigail See and
               Peter J. Liu and
               Christopher D. Manning},
  title     = {Get To The Point: Summarization with Pointer-Generator Networks},
  booktitle = {Proceedings of the 55th Annual Meeting of the Association for Computational
               Linguistics, {ACL} 2017},
  year      = {2017},
}
@InProceedings{NallapatiZSGX16,
  author    = {Ramesh Nallapati and
               Bowen Zhou and
               C{\'{\i}}cero Nogueira dos Santos and
               {\c{C}}aglar G{\"{u}}l{\c{c}}ehre and
               Bing Xiang},
  title     = {Abstractive Text Summarization using Sequence-to-sequence RNNs and
               Beyond},
  booktitle = {Proceedings of the 20th {SIGNLL} Conference on Computational Natural
               Language Learning, CoNLL 2016},
  year      = {2016}
}
@InProceedings{RushCW15,
  author    = {Alexander M. Rush and
               Sumit Chopra and
               Jason Weston},
  title     = {A Neural Attention Model for Abstractive Sentence Summarization},
  booktitle = {Proceedings of the 2015 Conference on Empirical Methods in Natural
               Language Processing, {EMNLP} 2015},
  year      = {2015}
}

@InProceedings{ChopraAR16,
  author    = {Sumit Chopra and
               Michael Auli and
               Alexander M. Rush},
  title     = {Abstractive Sentence Summarization with Attentive Recurrent Neural
               Networks},
  booktitle = {{NAACL} {HLT} 2016, The 2016 Conference of the North American Chapter
               of the Association for Computational Linguistics: Human Language Technologies},
  year      = {2016}
}

@InProceedings{HermannKGEKSB15,
  author    = {Karl Moritz Hermann and
               Tom{\'{a}}s Kocisk{\'{y}} and
               Edward Grefenstette and
               Lasse Espeholt and
               Will Kay and
               Mustafa Suleyman and
               Phil Blunsom},
  title     = {Teaching Machines to Read and Comprehend},
  booktitle = {Advances in Neural Information Processing Systems 28: Annual Conference
               on Neural Information Processing Systems 2015},
  year      = {2015}
}

@inproceedings{BahdanauCB14,
title={Neural machine translation by jointly learning to align and translate},
author={Bahdanau, Dzmitry and Cho, Kyung Hyun and Bengio, Yoshua},
booktitle={3rd International Conference on Learning Representations, ICLR 2015},
year={2015}
}

@InProceedings{SutskeverVL14,
  author    = {Ilya Sutskever and
               Oriol Vinyals and
               Quoc V. Le},
  title     = {Sequence to Sequence Learning with Neural Networks},
  booktitle = {Advances in Neural Information Processing Systems 27: Annual Conference
               on Neural Information Processing Systems 2014},
  year      = {2014}
}
@InProceedings{SutskeverMDH13,
  author    = {Ilya Sutskever and
               James Martens and
               George E. Dahl and
               Geoffrey E. Hinton},
  title     = {On the importance of initialization and momentum in deep learning},
  booktitle = {Proceedings of the 30th International Conference on Machine Learning,
               {ICML} 2013},
  year      = {2013}
}

@InProceedings{PascanuMB13,
  author    = {Razvan Pascanu and
               Tomas Mikolov and
               Yoshua Bengio},
  title     = {On the difficulty of training recurrent neural networks},
  booktitle = {Proceedings of the 30th International Conference on Machine Learning,
               {ICML} 2013},
  year      = {2013}
}

@InProceedings{HeZRS16,
  author    = {Kaiming He and
               Xiangyu Zhang and
               Shaoqing Ren and
               Jian Sun},
  title     = {Deep Residual Learning for Image Recognition},
  booktitle = {2016 {IEEE} Conference on Computer Vision and Pattern Recognition,
               {CVPR} 2016},
  year      = {2016}
}

@article{rouge,
   author = {Lin, Chin-Yew},
   title = {ROUGE: a Package for Automatic Evaluation of Summaries},
   journal={Text Summarization Branches Out},
   year = {2004},
}

@book{Aho:72,
    author  = {Alfred V. Aho and Jeffrey D. Ullman},
    title   = {The Theory of Parsing, Translation and Compiling},
    year    = "1972",
    publisher = {Prentice-Hall},
}

@InProceedings{CunBDHHHJ89,
  author    = {Yann LeCun and
               Bernhard E. Boser and
               John S. Denker and
               Donnie Henderson and
               Richard E. Howard and
               Wayne E. Hubbard and
               Lawrence D. Jackel},
  title     = {Handwritten Digit Recognition with a Back-Propagation Network},
  booktitle = {Advances in Neural Information Processing Systems 2, {[NIPS} Conference]},
  year      = {1989}
}

@InProceedings{DauphinFAG17,
  author    = {Yann N. Dauphin and
               Angela Fan and
               Michael Auli and
               David Grangier},
  title     = {Language Modeling with Gated Convolutional Networks},
  booktitle = {Proceedings of the 34th International Conference on Machine Learning,
               {ICML} 2017},
  year      = {2017}
}

@book{APA:83,
    author  = {{American Psychological Association}},
    title   = {Publications Manual},
    year    = "1983",
   publisher = {American Psychological Association},
}

@article{ACM:83,
	year = "1983",
	author = {{Association for Computing Machinery}},
	journal = {Computing Reviews},
}

@article{Chandra:81,
	author = {Ashok K. Chandra and Dexter C. Kozen and Larry J. Stockmeyer},
	year = "1981",
	title = {Alternation},
	journal = {Journal of the Association for Computing Machinery},
}

@book{Gusfield:97,
    author  = {Dan Gusfield},
    title   = {Algorithms on Strings, Trees and Sequences},
    year    = "1997",
    publisher = {Cambridge University Press},
}


@inproceedings{Dorr2003HedgeTA,
  title={Hedge Trimmer: A Parse-And-Trim Approach To Headline Generation},
  author={Bonnie J. Dorr and David M. Zajic and Richard M. Schwartz},
  year={2003}
}

@inproceedings{NallapatiAAAI17,
  author    = {Ramesh Nallapati and
               Feifei Zhai and
               Bowen Zhou},
  title     = {SummaRuNNer: {A} Recurrent Neural Network Based Sequence Model for
               Extractive Summarization of Documents},
  booktitle = {Proceedings of the Thirty-First {AAAI} Conference on Artificial Intelligence,
               February 4-9, 2017, San Francisco, California, {USA}},
  pages     = {3075--3081},
  year      = {2017},
}

@InProceedings{D18-1205,
  author = 	"Li, Wei
		and Xiao, Xinyan
		and Lyu, Yajuan
		and Wang, Yuanzhuo",
  title = 	"Improving Neural Abstractive Document Summarization with Explicit Information Selection Modeling",
  booktitle = 	"Proceedings of the 2018 Conference on Empirical Methods in Natural Language Processing",
  year = 	"2018",
}

@InProceedings{D18-1441,
  author = 	"Li, Wei
		and Xiao, Xinyan
		and Lyu, Yajuan
		and Wang, Yuanzhuo",
  title = 	"Improving Neural Abstractive Document Summarization with Structural Regularization",
  booktitle = 	"Proceedings of the 2018 Conference on Empirical Methods in Natural Language Processing",
  year = 	"2018",
}


@InProceedings{P18-2027,
  author = 	"Lin, Junyang
		and SUN, Xu
		and Ma, Shuming
		and Su, Qi",
  title = 	"Global Encoding for Abstractive Summarization",
  booktitle = 	"Proceedings of the 56th Annual Meeting of the Association for Computational Linguistics ",
  year = 	"2018",
}

@InProceedings{E17-2047,
  author = 	"Suzuki, Jun
		and Nagata, Masaaki",
  title = 	"Cutting-off Redundant Repeating Generations for Neural Abstractive Summarization",
  booktitle = 	"Proceedings of the 15th Conference of the European Chapter of the Association for Computational Linguistics",
  year = 	"2017",
}

@InProceedings{D18-1440,
  author = 	"Jiang, Yichen
		and Bansal, Mohit",
  title = 	"Closed-Book Training to Improve Summarization Encoder Memory",
  booktitle = 	"Proceedings of the 2018 Conference on Empirical Methods in Natural Language Processing",
  year = 	"2018",
}

@InProceedings{FastAbs18,
  author = 	{Yen{-}Chun Chen and
		     Mohit Bansal},
  title = 	"Fast Abstractive Summarization with Reinforce-Selected Sentence Rewriting",
  booktitle = 	"Proceedings of the 56th Annual Meeting of the Association for Computational Linguistics ",
  year = 	"2018",
}

@inproceedings{briscoe1996,
  title={The syntax and semantics of punctuation and its use in interpretation},
  author={Briscoe, Ted},
  booktitle={Proceedings of the Association for Computational Linguistics Workshop on Punctuation},
  year={1996}
}

@inproceedings{Kim19,
  author    = {Seokhwan Kim},
  title     = {Deep Recurrent Neural Networks with Layer-wise Multi-head Attentions
               for Punctuation Restoration},
  booktitle = {{IEEE} International Conference on Acoustics, Speech and Signal Processing,
               {ICASSP} 2019, Brighton, United Kingdom, May 12-17, 2019},
  year      = {2019},
}

@article{LiWE19,
  author    = {Xiang Lisa Li and
               Dingquan Wang and
               Jason Eisner},
  title     = {A Generative Model for Punctuation in Dependency Trees},
  journal   = {{TACL}},
  year      = {2019},
}

@inproceedings{KourisAS19,
  author    = {Panagiotis Kouris and
               Georgios Alexandridis and
               Andreas Stafylopatis},
  title     = {Abstractive Text Summarization Based on Deep Learning and Semantic
               Content Generalization},
  booktitle = {Proceedings of the 57th Conference of the Association for Computational
               Linguistics, {ACL} 2019, Florence, Italy, July 28- August 2, 2019,
               Volume 1: Long Papers},
  pages     = {5082--5092},
  year      = {2019},
}

@article{RadevHM02,
  author    = {Dragomir R. Radev and
               Eduard H. Hovy and
               Kathleen R. McKeown},
  title     = {Introduction to the Special Issue on Summarization},
  journal   = {Computational Linguistics},
  volume    = {28},
  number    = {4},
  pages     = {399--408},
  year      = {2002},
}

@article{AllahyariPASTGK17,
  author    = {Mehdi Allahyari and
               Seyed Amin Pouriyeh and
               Mehdi Assefi and
               Saeid Safaei and
               Elizabeth D. Trippe and
               Juan B. Gutierrez and
               Krys Kochut},
  title     = {Text Summarization Techniques: {A} Brief Survey},
  journal   = {CoRR},
  volume    = {abs/1707.02268},
  year      = {2017},
}

@article{Tian18,
  author    = {Tian Shi and
               Yaser Keneshloo and
               Naren Ramakrishnan and
               Chandan K. Reddy},
  title     = {Neural Abstractive Text Summarization with Sequence-to-Sequence Models},
  journal   = {CoRR},
  volume    = {abs/1812.02303},
  year      = {2018},
}

@article{VermaL17,
  author    = {Rakesh M. Verma and
               Daniel Lee},
  title     = {Extractive Summarization: Limits, Compression, Generalized Model and
               Heuristics},
  journal   = {Computaci{\'{o}}n y Sistemas},
  volume    = {21},
  number    = {4},
  year      = {2017},
}

@article{BokaeiSL16,
  author    = {Mohammad Hadi Bokaei and
               Hossein Sameti and
               Yang Liu},
  title     = {Extractive summarization of multi-party meetings through discourse
               segmentation},
  journal   = {Nat. Lang. Eng.},
  volume    = {22},
  number    = {1},
  pages     = {41--72},
  year      = {2016},
}

@article{NaserasadiKS19,
  author    = {Ali Naserasadi and
               Hamid Khosravi and
               Faramarz Sadeghi},
  title     = {Extractive multi-document summarization based on textual entailment
               and sentence compression via knapsack problem},
  journal   = {Nat. Lang. Eng.},
  volume    = {25},
  number    = {1},
  pages     = {121--146},
  year      = {2019},
}

@inproceedings{ZhongLWQH19,
  author    = {Ming Zhong and
               Pengfei Liu and
               Danqing Wang and
               Xipeng Qiu and
               Xuanjing Huang},
  title     = {Searching for Effective Neural Extractive Summarization: What Works
               and What's Next},
  booktitle = {Proceedings of the 57th Conference of the Association for Computational
               Linguistics, {ACL} 2019,
               Volume 1: Long Papers},
  pages     = {1049--1058},
  year      = {2019},
}

@inproceedings{zhangLatent18,
    title = "Neural Latent Extractive Document Summarization",
    author = "Zhang, Xingxing  and
      Lapata, Mirella  and
      Wei, Furu  and
      Zhou, Ming",
    booktitle = "Proceedings of the 2018 Conference on Empirical Methods in Natural Language Processing",
    year = "2018",
    pages = "779--784",
}


@inproceedings{UniLM19,
  author    = {Li Dong and
               Nan Yang and
               Wenhui Wang and
               Furu Wei and
               Xiaodong Liu and
               Yu Wang and
               Jianfeng Gao and
               Ming Zhou and
               Hsiao{-}Wuen Hon},
  title     = {Unified Language Model Pre-training for Natural Language Understanding
               and Generation},
  booktitle = {Advances in Neural Information Processing Systems 32: Annual Conference
               on Neural Information Processing Systems 2019, NeurIPS 2019, 8-14
               December 2019, Vancouver, BC, Canada},
  pages     = {13042--13054},
  year      = {2019},
}

@inproceedings{luong15,
    title = "Effective Approaches to Attention-based Neural Machine Translation",
    author = "Luong, Thang  and
      Pham, Hieu  and
      Manning, Christopher D.",
    booktitle = "Proceedings of the 2015 Conference on Empirical Methods in Natural Language Processing",
    year = "2015",
    pages = "1412--1421",
}

@inproceedings{zhouNeural18,
    title = "Neural Document Summarization by Jointly Learning to Score and Select Sentences",
    author = "Zhou, Qingyu  and
      Yang, Nan  and
      Wei, Furu  and
      Huang, Shaohan  and
      Zhou, Ming  and
      Zhao, Tiejun",
    booktitle = "Proceedings of the 56th Annual Meeting of the Association for Computational Linguistics (Volume 1: Long Papers)",
    year = "2018",
    pages = "654--663",
}

@article{SharmaHHW19,
  author    = {Eva Sharma and
               Luyang Huang and
               Zhe Hu and
               Lu Wang},
  title     = {An Entity-Driven Framework for Abstractive Summarization},
  booktitle = {Proceedings of the 2019 Conference on Empirical Methods in Natural
               Language Processing and the 9th International Joint Conference on
               Natural Language Processing, {EMNLP-IJCNLP} 2019, Hong Kong, China,
               November 3-7, 2019},
  year     = {2019},
  pages     = {3278--3289},
}

@inproceedings{TextRank04,
  author    = {Rada Mihalcea and
               Paul Tarau},
  title     = {TextRank: Bringing Order into Text},
  booktitle = {Proceedings of the 2004 Conference on Empirical Methods in Natural
               Language Processing , {EMNLP} 2004, {A} meeting of SIGDAT, a Special
               Interest Group of the ACL, held in conjunction with {ACL} 2004},
  pages     = {404--411},
  year      = {2004},
}

@inproceedings{LiuML19,
  author    = {Yang Liu and
               Mirella Lapata},
  title     = {Text Summarization with Pretrained Encoders},
  booktitle = {Proceedings of the 2019 Conference on Empirical Methods in Natural
               Language Processing and the 9th International Joint Conference on
               Natural Language Processing, {EMNLP-IJCNLP} 2019},
  pages     = {3728--3738},
  year      = {2019},
}

@inproceedings{NarayanCL18,
  author    = {Shashi Narayan and
               Shay B. Cohen and
               Mirella Lapata},
  title     = {Ranking Sentences for Extractive Summarization with Reinforcement
               Learning},
  booktitle = {Proceedings of the 2018 Conference of the North American Chapter of
               the Association for Computational Linguistics: Human Language Technologies,
               {NAACL-HLT} 2018, New Orleans, Louisiana, USA, June 1-6, 2018, Volume
               1 (Long Papers)},
  pages     = {1747--1759},
  year      = {2018},
}

@inproceedings{HiBert19,
  author    = {Xingxing Zhang and
               Furu Wei and
               Ming Zhou},
  title     = {{HIBERT:} Document Level Pre-training of Hierarchical Bidirectional
               Transformers for Document Summarization},
  booktitle = {Proceedings of the 57th Conference of the Association for Computational
               Linguistics, {ACL} 2019, 
               Volume 1: Long Papers},
  pages     = {5059--5069},
  year      = {2019},
}

@inproceedings{Bert19,
  author    = {Jacob Devlin and
               Ming{-}Wei Chang and
               Kenton Lee and
               Kristina Toutanova},
  title     = {{BERT:} Pre-training of Deep Bidirectional Transformers for Language
               Understanding},
  booktitle = {Proceedings of the 2019 Conference of the North American Chapter of
               the Association for Computational Linguistics: Human Language Technologies,
               {NAACL-HLT} 2019, Minneapolis, MN, USA, June 2-7, 2019, Volume 1 (Long
               and Short Papers)},
  pages     = {4171--4186},
}

@inproceedings{GPT18,
  title={Improving Language Understanding by Generative Pre-Training},
  author={Alec Radford},
  year={2018}
}

@article{ProNet20,
title={ProphetNet: Predicting Future N-gram for Sequence-to-Sequence Pre-training},
author={Qi, Weizhen and Yan, Yu and Gong, Yeyun and Liu, Dayiheng and Duan, Nan and Chen, Jiusheng and Zhang, Ruofei and Zhou, Ming},
booktitle={Proceedings of the 2020 Conference on Empirical Methods in Natural Language Processing: Findings},
pages={2401--2410},
year={2020}
}

@inproceedings{hsu18,
    title = "A Unified Model for Extractive and Abstractive Summarization using Inconsistency Loss",
    author = "Hsu, Wan-Ting  and
      Lin, Chieh-Kai  and
      Lee, Ming-Ying  and
      Min, Kerui  and
      Tang, Jing  and
      Sun, Min",
    booktitle = "Proceedings of the 56th Annual Meeting of the Association for Computational Linguistics (Volume 1: Long Papers)",
    month = jul,
    year = "2018",
    pages = "132--141",
}

@inproceedings{KeyGuid18,
    title = "Guiding Generation for Abstractive Text Summarization Based on Key Information Guide Network",
    author = "Li, Chenliang  and
      Xu, Weiran  and
      Li, Si  and
      Gao, Sheng",
    booktitle = "Proceedings of the 2018 Conference of the North {A}merican Chapter of the Association for Computational Linguistics: Human Language Technologies, Volume 2 (Short Papers)",
    month = jun,
    year = "2018",
    address = "New Orleans, Louisiana",
    pages = "55--60",
}

@inproceedings{RadLU18,
  title={Improving Language Understanding by Generative Pre-Training},
  author={Alec Radford},
  year={2018}
}

@inproceedings{YangLU19,
  author    = {Zhilin Yang and
               Zihang Dai and
               Yiming Yang and
               Jaime G. Carbonell and
               Ruslan Salakhutdinov and
               Quoc V. Le},
  title     = {XLNet: Generalized Autoregressive Pretraining for Language Understanding},
  booktitle = {Advances in Neural Information Processing Systems 32: Annual Conference
               on Neural Information Processing Systems 2019, NeurIPS 2019, 8-14
               December 2019, Vancouver, BC, Canada},
  pages     = {5754--5764},
  year      = {2019},
}

@inproceedings{ELMo18,
  author    = {Matthew E. Peters and
               Mark Neumann and
               Mohit Iyyer and
               Matt Gardner and
               Christopher Clark and
               Kenton Lee and
               Luke Zettlemoyer},
  title     = {Deep Contextualized Word Representations},
  booktitle = {Proceedings of the 2018 Conference of the North American Chapter of
               the Association for Computational Linguistics: Human Language Technologies,
               {NAACL-HLT} 2018, Volume
               1 (Long Papers)},
  pages     = {2227--2237},
  year      = {2018},
}

@inproceedings{attn17,
  author    = {Ashish Vaswani and
               Noam Shazeer and
               Niki Parmar and
               Jakob Uszkoreit and
               Llion Jones and
               Aidan N. Gomez and
               Lukasz Kaiser and
               Illia Polosukhin},
  title     = {Attention is All you Need},
  booktitle = {Advances in Neural Information Processing Systems 30: Annual Conference
               on Neural Information Processing Systems 2017},
  pages     = {5998--6008},
  year      = {2017},
}

@inproceedings{Cheng16,
  author    = {Jianpeng Cheng and
               Mirella Lapata},
  title     = {Neural Summarization by Extracting Sentences and Words},
  booktitle = {Proceedings of the 54th Annual Meeting of the Association for Computational
               Linguistics, {ACL} 2016, August 7-12, 2016, Berlin, Germany, Volume
               1: Long Papers},
  year      = {2016},
}

@inproceedings{score18,
    title = "Neural Document Summarization by Jointly Learning to Score and Select Sentences",
    author = "Zhou, Qingyu  and
      Yang, Nan  and
      Wei, Furu  and
      Huang, Shaohan  and
      Zhou, Ming  and
      Zhao, Tiejun",
    booktitle = "Proceedings of the 56th Annual Meeting of the Association for Computational Linguistics (Volume 1: Long Papers)",
    month = jul,
    year = "2018",
    pages = "654--663",
}

@inproceedings{MatchSum,
title={Extractive Summarization as Text Matching},
author={Zhong, Ming and Liu, Pengfei and Chen, Yiran and Wang, Danqing and Qiu, Xipeng and Huang, Xuan-Jing},
booktitle={Proceedings of the 58th Annual Meeting of the Association for Computational Linguistics},
pages={6197--6208},
year={2020}
}
@incollection{PointNet15,
title = {Pointer Networks},
author = {Vinyals, Oriol and Fortunato, Meire and Jaitly, Navdeep},
booktitle = {Advances in Neural Information Processing Systems 28},
pages = {2692--2700},
year = {2015},
}


@inproceedings{Kim14,
  author    = {Yoon Kim},
  title     = {Convolutional Neural Networks for Sentence Classification},
  booktitle = {Proceedings of the 2014 Conference on Empirical Methods in Natural
               Language Processing, {EMNLP} 2014, October 25-29, 2014, Doha, Qatar,
               {A} meeting of SIGDAT, a Special Interest Group of the {ACL}},
  pages     = {1746--1751},
  year      = {2014},
}

@inproceedings{AbsSnippet20,
  author    = {Wei{-}Fan Chen and
               Shahbaz Syed and
               Benno Stein and
               Matthias Hagen and
               Martin Potthast},
  title     = {Abstractive Snippet Generation},
  booktitle = {{WWW} '20: The Web Conference 2020, Taipei, Taiwan, April 20-24, 2020},
  pages     = {1309--1319},
  year      = {2020}
}

@inproceedings{tldr17,
    title = "{TL};{DR}: Mining {R}eddit to Learn Automatic Summarization",
    author = {V{\"o}lske, Michael  and
      Potthast, Martin  and
      Syed, Shahbaz  and
      Stein, Benno},
    booktitle = "Proceedings of the Workshop on New Frontiers in Summarization",
    month = sep,
    year = "2017",
    address = "Copenhagen, Denmark",
    pages = "59--63"
}

@inproceedings{AbsMeet19,
  author    = {Zhou Zhao and
               Haojie Pan and
               Changjie Fan and
               Yan Liu and
               Linlin Li and
               Min Yang},
  title     = {Abstractive Meeting Summarization via Hierarchical Adaptive Segmental
               Network Learning},
  booktitle = {The World Wide Web Conference, {WWW} 2019, San Francisco, CA, USA,
               May 13-17, 2019},
  pages     = {3455--3461},
  year      = {2019}
}

@inproceedings{DualExtSum20,
  author    = {Haggai Roitman and
               Guy Feigenblat and
               Doron Cohen and
               Odellia Boni and
               David Konopnicki},
  title     = {Unsupervised Dual-Cascade Learning with Pseudo-Feedback Distillation
               for Query-Focused Extractive Summarization},
  booktitle = {{WWW} '20: The Web Conference 2020, Taipei, Taiwan, April 20-24, 2020},
  pages     = {2577--2584},
  year      = {2020}
}

@inproceedings{Joint18,
  author    = {Min Gui and
               Zhengkun Zhang and
               Zhenglu Yang and
               Yanhui Gu and
               Guandong Xu},
  title     = {An Effective Joint Framework for Document Summarization},
  booktitle = {Companion of the The Web Conference 2018 on The Web Conference 2018,
               {WWW} 2018, Lyon , France, April 23-27, 2018},
  pages     = {121--122},
  year      = {2018}
}

@inproceedings{Extreme20,
  author    = {Xiaolan Wang and
               Yoshihiko Suhara and
               Natalie Nuno and
               Yuliang Li and
               Jinfeng Li and
               Nofar Carmeli and
               Stefanos Angelidis and
               Eser Kandogann and
               Wang{-}Chiew Tan},
  title     = {ExtremeReader: An interactive explorer for customizable and explainable
               review summarization},
  booktitle = {Companion of The 2020 Web Conference 2020, Taipei, Taiwan, April 20-24,
               2020},
  pages     = {176--180},
  year      = {2020}
}

@article{wikihow,
title={Wikihow: A large scale text summarization dataset},
author={Koupaee, Mahnaz and Wang, William Yang},
journal={arXiv preprint arXiv:1810.09305},
year={2018}
}

@inproceedings{BART19,
  author    = {Mike Lewis and
               Yinhan Liu and
               Naman Goyal and
               Marjan Ghazvininejad and
               Abdelrahman Mohamed and
               Omer Levy and
               Veselin Stoyanov and
               Luke Zettlemoyer},
  title     = {{BART:} Denoising Sequence-to-Sequence Pre-training for Natural Language
               Generation, Translation, and Comprehension},
  booktitle = {Proceedings of the 58th Annual Meeting of the Association for Computational
               Linguistics, {ACL} 2020},
  pages     = {7871--7880},
  year      = {2020},
}

@inproceedings{summlevel19,
	title = {Summary Level Training of Sentence Rewriting for Abstractive Summarization},
	author = {Bae, Sanghwan and Kim, Taeuk and Kim, Jihoon and Lee, Sang-goo},
	booktitle = {Proceedings of the 2nd Workshop on New Frontiers in Summarization},
	pages = {10--20},
	year = {2019}
}

@inproceedings{PEGASUS20,
	author    = {Jingqing Zhang and
	Yao Zhao and
	Mohammad Saleh and
	Peter J. Liu},
	title  = {{PEGASUS:} Pre-training with Extracted Gap-sentences for Abstractive
	Summarization},
	booktitle = {Proceedings of the 37th International Conference on Machine Learning,
	{ICML} 2020, Virtual Event},
	series    = {Proceedings of Machine Learning Research},
	volume    = {119},
	pages     = {11328--11339},
	year      = {2020},
}