@InProceedings{wang2014knowledge,
  title = {Knowledge Graph Embedding by Translating on Hyperplanes.},
  author = {Wang, Zhen and Zhang, Jianwen and Feng, Jianlin and Chen, Zheng},
  booktitle = {AAAI},
  year = {2014},
  pages = {1112--1119}
}


@InProceedings{wang2016text,
  title = {Text-enhanced representation learning for knowledge graph},
  author = {Wang, Zhigang and Li, Juanzi},
  booktitle = {AAAI},
  year = {2016},
  pages = {1293--1299}
}

@InProceedings{guo2016jointly,
  title = {Jointly embedding knowledge graphs and logical rules},
  author = {Guo, Shu and Wang, Quan and Wang, Lihong and Wang, Bin and Guo, Li},
  booktitle = {EMNLP},
  year = {2016},
  pages = {1488--1498}
}

@InProceedings{bordes2013translating,
  title = {Translating embeddings for modeling multi-relational data},
  author = {Bordes, Antoine and Usunier, Nicolas and Garcia-Duran, Alberto and Weston, Jason and Yakhnenko, Oksana},
  booktitle = {NIPS},
  year = {2013},
  pages = {2787--2795}
}





@inproceedings{bunescu2006using,
  title={Using Encyclopedic Knowledge for Named entity Disambiguation.},
  author={Bunescu, Razvan C and Pasca, Marius},
  booktitle={EACL},
  volume={6},
  pages={9--16},
  year={2006}
}


@inproceedings{cucerzan2007large,
  title={Large-Scale Named Entity Disambiguation Based on Wikipedia Data.},
  author={Cucerzan, Silviu},
  booktitle={EMNLP-CoNLL},
  volume={7},
  pages={708--716},
  year={2007}
}

@inproceedings{zuo2014bel,
  title={BEL: Bagging for Entity Linking.},
  author={Zuo, Zhe and Kasneci, Gjergji and Gruetze, Toni and Naumann, Felix},
  booktitle={COLING},
  pages={2075--2086},
  year={2014}
}


@misc{gabrilovich2013facc1,
  title = {FACC1: Freebase annotation of ClueWeb corpora, Version 1},
  author = {Gabrilovich, Evgeniy and Ringgaard, Michael and Subramanya, Amarnag},
  howpublished = {http://lemurproject.org/clueweb12/},
  edition = {June 26, 2013},
  year = {2013}
}

@misc{freebase:datadumps,
  title = {Freebase Data Dumps},
  author = {Google},
  howpublished = {https://developers.google.com/freebase/data},
  edition = {June 15, 2015},
  year = {2015}
}

@inproceedings{riedmiller1993direct,
  title={A direct adaptive method for faster backpropagation learning: 
		The {RPROP} algorithm},
  author={Riedmiller, Martin and Braun, Heinrich},
  booktitle={ICNN},
  pages={586--591},
  year={1993},
}

@inproceedings{cai2013large,
  title={Large-scale Semantic Parsing via Schema Matching and Lexicon Extension.},
  author={Cai, Qingqing and Yates, Alexander},
  booktitle={ACL},
  pages={423--433},
  year={2013}
}

@inproceedings{krishnamurthy2012weakly,
  title={Weakly supervised training of semantic parsers},
  author={Krishnamurthy, Jayant and Mitchell, Tom M},
  booktitle={EMNLP},
  pages={754--765},
  year={2012},
}


@inproceedings{yahya2012natural,
  title={Natural language questions for the web of data},
  author={Yahya, Mohamed and Berberich, Klaus and Elbassuoni, Shady and Ramanath, Maya and Tresp, Volker and Weikum, Gerhard},
  booktitle={EMNLP-CoNLL},
  pages={379--390},
  year={2012}
}

@book{Aho:72,
  author = {Alfred V. Aho and Jeffrey D. Ullman},
  title = {The Theory of Parsing, Translation and Compiling},
  year = "1972",
  volume = "1",
  publisher = {Prentice-Hall},
  address = {Englewood Cliffs, NJ}
}


@book{APA:83,
  author = {{American Psychological Association}},
  title = {Publications Manual},
  year = "1983",
  publisher = {American Psychological Association},
  address = {Washington, DC}
}

@incollection{ACM:83,
  author = {Association for Computing Machinery},
  year = "1983",
  booktitle = {Computing Reviews},
  volume = "24",
  number = "11",
  pages = "503--512"
}

@article{Chandra:81,
  author = {Ashok K. Chandra and Dexter C. Kozen and Larry J. Stockmeyer},
  year = "1981",
  title = {Alternation},
  journal = {Journal of the Association for Computing Machinery},
  volume = "28",
  number = "1",
  pages = "114--133"
}


@book{Gusfield:97,
  author = {Dan Gusfield},
  title = {Algorithms on Strings, Trees and Sequences},
  year = "1997",
  publisher = {Cambridge University Press},
  address = {Cambridge, UK}
}

@inproceedings{ney1992improvements,
  title={Improvements in beam search for 10000-word continuous speech recognition},
  author={Ney, Hermann and Haeb-Umbach, Reinhold and Tran, B-H and Oerder, Martin},
  booktitle={Acoustics, Speech, and Signal Processing, 1992. ICASSP-92., 1992 IEEE International Conference on},
  volume={1},
  pages={9--12},
  year={1992},
}

@inproceedings{harabagiu2006methods,
  title={Methods for using textual entailment in open-domain question answering},
  author={Harabagiu, Sanda and Hickl, Andrew},
  booktitle={ACL},
  pages={905--912},
  year={2006},
}

@inproceedings{romano2006investigating,
  title={Investigating a Generic Paraphrase-Based Approach for Relation Extraction.},
  author={Romano, Lorenza and Kouylekov, Milen and Szpektor, Idan and Dagan, Ido and Lavelli, Alberto},
  booktitle={EACL},
  year={2006}
}

@inproceedings{berant2014semantic,
  title={Semantic parsing via paraphrasing},
  author={Berant, Jonathan and Liang, Percy},
  booktitle={ACL},
  pages={92},
  year={2014}
}

@inproceedings{yih2015semantic,
  title={Semantic parsing via staged query graph generation: Question answering with knowledge base},
  author={Yih, Wen-tau and Chang, Ming-Wei and He, Xiaodong and Gao, Jianfeng},
  booktitle={ACL},
  year={2015}
}

@inproceedings{zou2014natural,
  title={Natural language question answering over RDF: a graph data driven approach},
  author={Zou, Lei and Huang, Ruizhe and Wang, Haixun and Yu, Jeffer Xu and He, Wenqiang and Zhao, Dongyan},
  booktitle={SIGMOD},
  pages={313--324},
  year={2014},
  organization={ACM}
}

@inproceedings{bordes2014question,
  title={Question answering with subgraph embeddings},
  author={Bordes, Antoine and Chopra, Sumit and Weston, Jason},
  booktitle={EMNLP},
  year={2014}
}

@inproceedings{fader2013paraphrase,
  title={Paraphrase-Driven Learning for Open Question Answering.},
  author={Fader, Anthony and Zettlemoyer, Luke S and Etzioni, Oren},
  booktitle={ACL},
  pages={1608--1618},
  year={2013},
}

@inproceedings{zhang2012ontological,
  title={Ontological Smoothing for Relation Extraction with Minimal Supervision.},
  author={Zhang, Congle and Hoffmann, Raphael and Weld, Daniel S},
  booktitle={AAAI},
  year={2012}
}

@inproceedings{lao2011random,
  title={Random walk inference and learning in a large scale knowledge base},
  author={Lao, Ni and Mitchell, Tom and Cohen, William W},
  booktitle={EMNLP},
  pages={529--539},
  year={2011},
}

@inproceedings{carlson2010toward,
  title={Toward an Architecture for Never-Ending Language Learning.},
  author={Carlson, Andrew and Betteridge, Justin and Kisiel, Bryan and Settles, Burr and Hruschka Jr, Estevam R and Mitchell, Tom M},
  booktitle={AAAI},
  volume={5},
  pages={3},
  year={2010}
}

@article{reddy2014large,
  title={Large-scale semantic parsing without question-answer pairs},
  author={Reddy, Siva and Lapata, Mirella and Steedman, Mark},
  journal={TACL},
  volume={2},
  pages={377--392},
  year={2014}
}

@inproceedings{liang2011learning,
  title={Learning dependency-based compositional semantics},
  author={Liang, Percy and Jordan, Michael I and Klein, Dan},
  booktitle={ACL},
  pages={590--599},
  year={2011},
}

@inproceedings{berant2013semantic,
  title={Semantic Parsing on Freebase from Question-Answer Pairs.},
  author={Berant, Jonathan and Chou, Andrew and Frostig, Roy and Liang, Percy},
  booktitle={EMNLP},
  pages={1533--1544},
  year={2013}
}


@inproceedings{kwiatkowski2010inducing,
  title={Inducing probabilistic CCG grammars from logical form with higher-order unification},
  author={Kwiatkowski, Tom and Zettlemoyer, Luke and Goldwater, Sharon and Steedman, Mark},
  booktitle={EMNLP},
  pages={1223--1233},
  year={2010},
}

@inproceedings{kwiatkowski2013scaling,
  title={Scaling semantic parsers with on-the-fly ontology matching},
  author={Kwiatkowski, Tom and Choi, Eunsol and Artzi, Yoav and Zettlemoyer, Luke S},
  booktitle={ACL},
  year={2013}
}

@incollection{an2006discovering,
  title={Discovering the semantics of relational tables through mappings},
  author={An, Yuan and Borgida, Alex and Mylopoulos, John},
  booktitle={Journal on Data Semantics VII},
  pages={1--32},
  year={2006},
  publisher={Springer}
}

@inproceedings{gardner2015efficient,
  title={Efficient and expressive knowledge base completion using subgraph feature extraction},
  author={Gardner, Matt and Mitchell, Tom},
  booktitle={EMNLP},
  pages={1488--1498},
  year={2015}
}

@article{gardner2014incorporating,
  title={Incorporating vector space similarity in random walk inference over knowledge bases},
  author={Gardner, Matt and Talukdar, Partha Pratim and Krishnamurthy, Jayant and Mitchell, Tom},
  booktitle={EMNLP},
  year={2014}
}

@book{grunwald2007minimum,
  title={The minimum description length principle},
  author={Gr{\"u}nwald, Peter D},
  year={2007},
  publisher={MIT press}
}

@inproceedings{fisher2008dirt,
  title={From dirt to shovels: fully automatic tool generation from ad hoc data},
  author={Fisher, Kathleen and Walker, David and Zhu, Kenny Q and White, Peter},
  booktitle={ACM SIGPLAN Notices},
  volume={43},
  number={1},
  pages={421--434},
  year={2008},
  organization={ACM}
}

@book{auer2007dbpedia,
  title={Dbpedia: A nucleus for a web of open data},
  author={Auer, S{\"o}ren and Bizer, Christian and Kobilarov, Georgi and Lehmann, Jens and Cyganiak, Richard and Ives, Zachary},
  year={2007},
  publisher={Springer}
}

@inproceedings{bollacker2008freebase,
  title={Freebase: a collaboratively created graph database for structuring human knowledge},
  author={Bollacker, Kurt and Evans, Colin and Paritosh, Praveen and Sturge, Tim and Taylor, Jamie},
  booktitle={Proceedings of the 2008 ACM SIGMOD international conference on Management of data},
  pages={1247--1250},
  year={2008},
  organization={ACM}
}

@inproceedings{suchanek2007yago,
  title={Yago: a core of semantic knowledge},
  author={Suchanek, Fabian M and Kasneci, Gjergji and Weikum, Gerhard},
  booktitle={WWW},
  pages={697--706},
  year={2007},
  organization={ACM}
}

@inproceedings{yao2014information,
  title={Information extraction over structured data: Question answering with freebase},
  author={Yao, Xuchen and Van Durme, Benjamin},
  booktitle={Proceedings of ACL},
  year={2014}
}

@article{lao2010relational,
  title={Relational retrieval using a combination of path-constrained random walks},
  author={Lao, Ni and Cohen, William W},
  journal={Machine learning},
  volume={81},
  number={1},
  pages={53--67},
  year={2010},
  publisher={Springer}
}

@inproceedings{fader2011identifying,
  title={Identifying relations for open information extraction},
  author={Fader, Anthony and Soderland, Stephen and Etzioni, Oren},
  booktitle={EMNLP},
  pages={1535--1545},
  year={2011},
}

@inproceedings{nakashole2012patty,
  title={PATTY: a taxonomy of relational patterns with semantic types},
  author={Nakashole, Ndapandula and Weikum, Gerhard and Suchanek, Fabian},
  booktitle={EMNLP-CoNLL},
  pages={1135--1145},
  year={2012},
}

@inproceedings{zhang2013automatically,
  title={Automatically synthesizing sql queries from input-output examples},
  author={Zhang, Sai and Sun, Yuyin},
  booktitle={ASE},
  pages={224--234},
  year={2013},
  organization={IEEE}
}

@article{cheung2012inferring,
  title={Inferring SQL queries using program synthesis},
  author={Cheung, Alvin and Solar-Lezama, Armando and Madden, Samuel},
  journal={arXiv preprint arXiv:1208.2013},
  year={2012}
}

@article{niehren2013query,
  title={Query induction with schema-guided pruning strategies},
  author={Niehren, Joachim and Champav{\`e}re, J{\'e}r{\^o}me and Lemay, Aur{\'e}lien and Gilleron, R{\'e}mi},
  journal={The Journal of Machine Learning Research},
  volume={14},
  number={1},
  pages={927--964},
  year={2013},
  publisher={JMLR. org}
}

@inproceedings{haveliwala2002topic,
  title={Topic-sensitive pagerank},
  author={Haveliwala, Taher H},
  booktitle={Proceedings of the 11th international conference on World Wide Web},
  pages={517--526},
  year={2002},
  organization={ACM}
}

@article{cheung2013optimizing,
  title={Optimizing database-backed applications with query synthesis},
  author={Cheung, Alvin and Solar-Lezama, Armando and Madden, Samuel},
  journal={ACM SIGPLAN Notices},
  volume={48},
  number={6},
  pages={3--14},
  year={2013},
  publisher={ACM}
}

@inproceedings{das2010synthesizing,
  title={Synthesizing view definitions from data},
  author={Das Sarma, Anish and Parameswaran, Aditya and Garcia-Molina, Hector and Widom, Jennifer},
  booktitle={Proceedings of the 13th International Conference on Database Theory},
  pages={89--103},
  year={2010},
}

@article{richardson2006markov,
  title={Markov logic networks},
  author={Richardson, Matthew and Domingos, Pedro},
  journal={Machine learning},
  volume={62},
  number={1-2},
  pages={107--136},
  year={2006},
  publisher={Springer}
}
