@article{bahdanau2014neural,
	title={Neural machine translation by jointly learning to align and translate},
	author={Bahdanau, Dzmitry and Cho, Kyunghyun and Bengio, Yoshua},
	journal={arXiv preprint arXiv:1409.0473},
	year={2014}
}

@article{luong2015effective,
	title={Effective approaches to attention-based neural machine translation},
	author={Luong, Minh-Thang and Pham, Hieu and Manning, Christopher D},
	journal={arXiv preprint arXiv:1508.04025},
	year={2015}
}

@article{hochreiter1997long,
	title={Long short-term memory},
	author={Hochreiter, Sepp and Schmidhuber, J{\"u}rgen},
	journal={Neural computation},
	volume={9},
	number={8},
	pages={1735--1780},
	year={1997},
	publisher={MIT Press}
}

@inproceedings{mihalcea2004textrank,
	title={Textrank: Bringing order into text},
	author={Mihalcea, Rada and Tarau, Paul},
	booktitle={Proceedings of the 2004 conference on empirical methods in natural language processing},
	year={2004}
}

@article{huang2015bidirectional,
	title={Bidirectional LSTM-CRF models for sequence tagging},
	author={Huang, Zhiheng and Xu, Wei and Yu, Kai},
	journal={arXiv preprint arXiv:1508.01991},
	year={2015}
}

@article{mikolov2013efficient,
	title={Efficient estimation of word representations in vector space},
	author={Mikolov, Tomas and Chen, Kai and Corrado, Greg and Dean, Jeffrey},
	journal={arXiv preprint arXiv:1301.3781},
	year={2013}
}

@inproceedings{mikolov2013distributed,
	title={Distributed representations of words and phrases and their compositionality},
	author={Mikolov, Tomas and Sutskever, Ilya and Chen, Kai and Corrado, Greg S and Dean, Jeff},
	booktitle={Advances in neural information processing systems},
	pages={3111--3119},
	year={2013}
}

@article{kingma2014adam,
	title={Adam: A method for stochastic optimization},
	author={Kingma, Diederik and Ba, Jimmy},
	journal={arXiv preprint arXiv:1412.6980},
	year={2014}
}

@article{abadi2016tensorflow,
	title={Tensorflow: Large-scale machine learning on heterogeneous distributed systems},
	author={Abadi, Mart{\'\i}n and Agarwal, Ashish and Barham, Paul and Brevdo, Eugene and Chen, Zhifeng and Citro, Craig and Corrado, Greg S and Davis, Andy and Dean, Jeffrey and Devin, Matthieu and others},
	journal={arXiv preprint arXiv:1603.04467},
	year={2016}
}

@inproceedings{sundermeyer2012lstm,
	title={LSTM neural networks for language modeling},
	author={Sundermeyer, Martin and Schl{\"u}ter, Ralf and Ney, Hermann},
	booktitle={Thirteenth Annual Conference of the International Speech Communication Association},
	year={2012}
}

@article{blei2003latent,
	title={Latent dirichlet allocation},
	author={Blei, David M and Ng, Andrew Y and Jordan, Michael I},
	journal={Journal of machine Learning research},
	volume={3},
	number={Jan},
	pages={993--1022},
	year={2003}
}

@article{cheng2016neural,
	title={Neural summarization by extracting sentences and words},
	author={Cheng, Jianpeng and Lapata, Mirella},
	journal={arXiv preprint arXiv:1603.07252},
	year={2016}
}

@article{narayan2017neural,
	title={Neural Extractive Summarization with Side Information},
	author={Narayan, Shashi and Papasarantopoulos, Nikos and Lapata, Mirella and Cohen, Shay B},
	journal={arXiv preprint arXiv:1704.04530},
	year={2017}
}

@article{rush2015neural,
	title={A neural attention model for abstractive sentence summarization},
	author={Rush, Alexander M and Chopra, Sumit and Weston, Jason},
	journal={arXiv preprint arXiv:1509.00685},
	year={2015}
}

@article{hu2015lcsts,
	title={Lcsts: A large scale chinese short text summarization dataset},
	author={Hu, Baotian and Chen, Qingcai and Zhu, Fangze},
	journal={arXiv preprint arXiv:1506.05865},
	year={2015}
}

@inproceedings{erkan2004lexpagerank,
	title={LexPageRank: Prestige in Multi-Document Text Summarization.},
	author={Erkan, G{\"u}nes and Radev, Dragomir R},
	booktitle={EMNLP},
	volume={4},
	pages={365--371},
	year={2004}
}

@inproceedings{wong2008extractive,
	title={Extractive summarization using supervised and semi-supervised learning},
	author={Wong, Kam-Fai and Wu, Mingli and Li, Wenjie},
	booktitle={Proceedings of the 22nd International Conference on Computational Linguistics-Volume 1},
	pages={985--992},
	year={2008},
	organization={Association for Computational Linguistics}
}

@article{mcdonald2007study,
	title={A study of global inference algorithms in multi-document summarization},
	author={McDonald, Ryan},
	journal={Advances in Information Retrieval},
	pages={557--564},
	year={2007},
	publisher={Springer}
}

@inproceedings{kupiec1995trainable,
	title={A trainable document summarizer},
	author={Kupiec, Julian and Pedersen, Jan and Chen, Francine},
	booktitle={Proceedings of the 18th annual international ACM SIGIR conference on Research and development in information retrieval},
	pages={68--73},
	year={1995},
	organization={ACM}
}

@inproceedings{conroy2001text,
	title={Text summarization via hidden markov models},
	author={Conroy, John M and O'leary, Dianne P},
	booktitle={Proceedings of the 24th annual international ACM SIGIR conference on Research and development in information retrieval},
	pages={406--407},
	year={2001},
	organization={ACM}
}

@inproceedings{mihalcea2005language,
	title={Language independent extractive summarization},
	author={Mihalcea, Rada},
	booktitle={Proceedings of the ACL 2005 on Interactive poster and demonstration sessions},
	pages={49--52},
	year={2005},
	organization={Association for Computational Linguistics}
}

@inproceedings{woodsend2010automatic,
	title={Automatic generation of story highlights},
	author={Woodsend, Kristian and Lapata, Mirella},
	booktitle={Proceedings of the 48th Annual Meeting of the Association for Computational Linguistics},
	pages={565--574},
	year={2010},
	organization={Association for Computational Linguistics}
}

@inproceedings{kaageback2014extractive,
	title={Extractive summarization using continuous vector space models},
	author={K{\aa}geb{\"a}ck, Mikael and Mogren, Olof and Tahmasebi, Nina and Dubhashi, Devdatt},
	booktitle={Proceedings of the 2nd Workshop on Continuous Vector Space Models and their Compositionality (CVSC)@ EACL},
	pages={31--39},
	year={2014}
}

@inproceedings{nallapati2017summarunner,
	title={SummaRuNNer: A Recurrent Neural Network Based Sequence Model for Extractive Summarization of Documents.},
	author={Nallapati, Ramesh and Zhai, Feifei and Zhou, Bowen},
	booktitle={AAAI},
	pages={3075--3081},
	year={2017}
}

@inproceedings{chen2016distraction,
	title={Distraction-Based Neural Networks for Modeling Document.},
	author={Chen, Qian and Zhu, Xiao-Dan and Ling, Zhen-Hua and Wei, Si and Jiang, Hui},
	booktitle={IJCAI},
	pages={2754--2760},
	year={2016}
}

@article{nallapati2016abstractive,
	title={Abstractive text summarization using sequence-to-sequence rnns and beyond},
	author={Nallapati, Ramesh and Zhou, Bowen and Gulcehre, Caglar and Xiang, Bing and others},
	journal={arXiv preprint arXiv:1602.06023},
	year={2016}
}

@article{see2017get,
	title={Get To The Point: Summarization with Pointer-Generator Networks},
	author={See, Abigail and Liu, Peter J and Manning, Christopher D},
	journal={arXiv preprint arXiv:1704.04368},
	year={2017}
}

@inproceedings{chopra2016abstractive,
	title={Abstractive sentence summarization with attentive recurrent neural networks},
	author={Chopra, Sumit and Auli, Michael and Rush, Alexander M},
	booktitle={NAACL-HLT},
	pages={93--98},
	year={2016}
}

@inproceedings{takase2016neural,
	title={Neural Headline Generation on Abstract Meaning Representation.},
	author={Takase, Sho and Suzuki, Jun and Okazaki, Naoaki and Hirao, Tsutomu and Nagata, Masaaki}
}

@article{kikuchi2016controlling,
	title={Controlling output length in neural encoder-decoders},
	author={Kikuchi, Yuta and Neubig, Graham and Sasano, Ryohei and Takamura, Hiroya and Okumura, Manabu},
	journal={arXiv preprint arXiv:1609.09552},
	year={2016}
}

@inproceedings{cheng2016wide,
	title={Wide \& deep learning for recommender systems},
	author={Cheng, Heng-Tze and Koc, Levent and Harmsen, Jeremiah and Shaked, Tal and Chandra, Tushar and Aradhye, Hrishi and Anderson, Glen and Corrado, Greg and Chai, Wei and Ispir, Mustafa and others},
	booktitle={Proceedings of the 1st Workshop on Deep Learning for Recommender Systems},
	pages={7--10},
	year={2016},
	organization={ACM}
}

@inproceedings{vinyals2015pointer,
	title={Pointer networks},
	author={Vinyals, Oriol and Fortunato, Meire and Jaitly, Navdeep},
	booktitle={Advances in Neural Information Processing Systems},
	pages={2692--2700},
	year={2015}
}

@inproceedings{lin2003automatic,
	title={Automatic evaluation of summaries using n-gram co-occurrence statistics},
	author={Lin, Chin-Yew and Hovy, Eduard},
	booktitle={NAACL-HLT-Volume 1},
	pages={71--78},
	year={2003},
	organization={Association for Computational Linguistics}
}

@misc{silvano1990knapsack,
	title={Knapsack problems: algorithms and computer implementations},
	author={Silvano, Martello and Paolo, Toth},
	year={1990},
	publisher={John Wiley \& Sons}
}

@article{paulus2017deep,
	title={A Deep Reinforced Model for Abstractive Summarization},
	author={Paulus, Romain and Xiong, Caiming and Socher, Richard},
	journal={arXiv preprint arXiv:1705.04304},
	year={2017}
}

@inproceedings{zhang2017sentence,
	title={Sentence Simplification with Deep Reinforcement Learning},
	author={Zhang, Xingxing and Lapata, Mirella},
	booktitle={Proceedings of the 2017 Conference on Empirical Methods in Natural Language Processing},
	pages={584--594},
	year={2017}
}

@inproceedings{wang2018multi,
	title={A Multi-task Learning Approach for Improving Product Title Compression with User Search Log Data},
	author={Wang, Jingang and Tian, Junfeng and Qiu, Long and Li, Sheng and Lang, Jun and Si, Luo and Lan, Man},
	booktitle={AAAI 2018},
	year={2018}
}