% Use this file for citations not found in the ACL Anthology (contained in "anthology.bib").

@article{tadesse2019detection,
  title={Detection of depression-related posts in reddit social media forum},
  author={Tadesse, Michael M and Lin, Hongfei and Xu, Bo and Yang, Liang},
  journal={Ieee Access},
  volume={7},
  pages={44883--44893},
  year={2019},
  publisher={IEEE}
}
@inproceedings{park2013perception,
  title={Perception differences between the depressed and non-depressed users in twitter},
  author={Park, Minsu and McDonald, David and Cha, Meeyoung},
  booktitle={Proceedings of the international AAAI conference on web and social media},
  volume={7},
  number={1},
  pages={476--485},
  year={2013}
}
@article{li2015attitudes,
  title={Attitudes towards suicide attempts broadcast on social media: an exploratory study of Chinese microblogs},
  author={Li, Ang and Huang, Xiaoxiao and Hao, Bibo and O’Dea, Bridianne and Christensen, Helen and Zhu, Tingshao},
  journal={PeerJ},
  volume={3},
  pages={e1209},
  year={2015},
  publisher={PeerJ Inc.}
}
@article{lau2020android,
  title={Android and iPhone mobile apps for psychosocial wellness and stress management: systematic search in app stores and literature review},
  author={Lau, Nancy and O'Daffer, Alison and Colt, Susannah and Joyce, P and Palermo, Tonya M and McCauley, Elizabeth and Rosenberg, Abby R and others},
  journal={JMIR mHealth and uHealth},
  volume={8},
  number={5},
  pages={e17798},
  year={2020},
  publisher={JMIR Publications Inc., Toronto, Canada}
}
@misc{birnbaumdetecting,
  title={Detecting Relapse in Youth with Psychotic Disorders Utilizing Patient-Generated and Patient-Contributed Digital Data from Facebook. NPJ Schizophr. 2019 Oct 7; 5 (1): 17},
  author={Birnbaum, ML and Ernala, SK and Rizvi, AF and Arenare, E and Van Meter, A and De Choudhury, M and Kane, JM}
}
@article{ahmed2023chatbot,
  title={Chatbot features for anxiety and depression: a scoping review},
  author={Ahmed, Arfan and Hassan, Asmaa and Aziz, Sarah and Abd-Alrazaq, Alaa A and Ali, Nashva and Alzubaidi, Mahmood and Al-Thani, Dena and Elhusein, Bushra and Siddig, Mohamed Ali and Ahmed, Maram and others},
  journal={Health informatics journal},
  volume={29},
  number={1},
  pages={14604582221146719},
  year={2023},
  publisher={SAGE Publications Sage UK: London, England}
}
@article{lucas2014s,
  title={It’s only a computer: Virtual humans increase willingness to disclose},
  author={Lucas, Gale M and Gratch, Jonathan and King, Aisha and Morency, Louis-Philippe},
  journal={Computers in Human Behavior},
  volume={37},
  pages={94--100},
  year={2014},
  publisher={Elsevier}
}
@inproceedings{saha2021sentiment,
  title={Sentiment analysis from depression-related user-generated contents from social media},
  author={Saha, Ananna and Al Marouf, Ahmed and Hossain, Rafayet},
  booktitle={2021 8th international conference on computer and communication engineering (ICCCE)},
  pages={259--264},
  year={2021},
  organization={IEEE}
}
@inproceedings{wang2024explainable,
  title={Explainable Depression Detection Using Large Language Models on Social Media Data},
  author={Wang, Yuxi and Inkpen, Diana and Gamaarachchige, Prasadith Kirinde},
  booktitle={Proceedings of the 9th Workshop on Computational Linguistics and Clinical Psychology (CLPsych 2024)},
  pages={108--126},
  year={2024}
}
@article{chen2018social,
  title={Social robots for depression in older adults: a systematic review},
  author={Chen, Shu-Chuan and Jones, Cindy and Moyle, Wendy},
  journal={Journal of Nursing Scholarship},
  volume={50},
  number={6},
  pages={612--622},
  year={2018},
  publisher={Wiley Online Library}
}
@article{kabacinska2021socially,
  title={Socially assistive robots as mental health interventions for children: a scoping review},
  author={Kabaci{\'n}ska, Katarzyna and Prescott, Tony J and Robillard, Julie M},
  journal={International Journal of Social Robotics},
  volume={13},
  number={5},
  pages={919--935},
  year={2021},
  publisher={Springer}
}
@inproceedings{zhang2022symptom,
  title={Symptom identification for interpretable detection of multiple mental disorders on social media},
  author={Zhang, Zhiling and Chen, Siyuan and Wu, Mengyue and Zhu, Kenny},
  booktitle={Proceedings of the 2022 conference on empirical methods in natural language processing},
  pages={9970--9985},
  year={2022}
}
@article{lu2021prevalence,
  title={Prevalence of depressive disorders and treatment in China: a cross-sectional epidemiological study},
  author={Lu, Jin and Xu, Xiufeng and Huang, Yueqin and Li, Tao and Ma, Chao and Xu, Guangming and Yin, Huifang and Xu, Xiangdong and Ma, Yanjuan and Wang, Limin and others},
  journal={The Lancet Psychiatry},
  volume={8},
  number={11},
  pages={981--990},
  year={2021},
  publisher={Elsevier}
}
@article{drouin2022chatting,
  title={Is chatting with a sophisticated chatbot as good as chatting online or FTF with a stranger?},
  author={Drouin, Michelle and Sprecher, Susan and Nicola, Robert and Perkins, Taylor},
  journal={Computers in Human Behavior},
  volume={128},
  pages={107100},
  year={2022},
  publisher={Elsevier}
}
@inproceedings{lin2020sensemood,
  title={Sensemood: depression detection on social media},
  author={Lin, Chenhao and Hu, Pengwei and Su, Hui and Li, Shaochun and Mei, Jing and Zhou, Jie and Leung, Henry},
  booktitle={Proceedings of the 2020 international conference on multimedia retrieval},
  pages={407--411},
  year={2020}
}
@inproceedings{park2012depressive,
  title={Depressive moods of users portrayed in Twitter},
  author={Park, Minsu and Cha, Chiyoung and Cha, Meeyoung},
  booktitle={Proceedings of the 18th ACM International Conference on Knowledge Discovery and Data Mining, SIGKDD 2012},
  pages={1--8},
  year={2012}
}
@article{abd2019overview,
  title={An overview of the features of chatbots in mental health: A scoping review},
  author={Abd-Alrazaq, Alaa A and Alajlani, Mohannad and Alalwan, Ali Abdallah and Bewick, Bridgette M and Gardner, Peter and Househ, Mowafa},
  journal={International journal of medical informatics},
  volume={132},
  pages={103978},
  year={2019},
  publisher={Elsevier}
}
@article{viduani2023assessing,
  title={Assessing mood with the Identifying Depression Early in Adolescence Chatbot (IDEABot): development and implementation study},
  author={Viduani, Anna and Cosenza, Victor and Fisher, Helen L and Buchweitz, Claudia and Piccin, Jader and Pereira, Rivka and Kohrt, Brandon A and Mondelli, Valeria and van Heerden, Alastair and Ara{\'u}jo, Ricardo Matsumura and others},
  journal={JMIR human factors},
  volume={10},
  pages={e44388},
  year={2023},
  publisher={JMIR Publications Toronto, Canada}
}
@article{he2022mental,
  title={Mental health chatbot for young adults with depressive symptoms during the COVID-19 pandemic: single-blind, three-arm randomized controlled trial},
  author={He, Yuhao and Yang, Li and Zhu, Xiaokun and Wu, Bin and Zhang, Shuo and Qian, Chunlian and Tian, Tian},
  journal={Journal of Medical Internet Research},
  volume={24},
  number={11},
  pages={e40719},
  year={2022},
  publisher={JMIR Publications Toronto, Canada}
}
@article{ryu2020simple,
  title={Simple and steady interactions win the healthy mentality: designing a chatbot service for the elderly},
  author={Ryu, Hyeyoung and Kim, Soyeon and Kim, Dain and Han, Sooan and Lee, Keeheon and Kang, Younah},
  journal={Proceedings of the ACM on human-computer interaction},
  volume={4},
  number={CSCW2},
  pages={1--25},
  year={2020},
  publisher={ACM New York, NY, USA}
}
@article{kaywan2023early,
  title={Early detection of depression using a conversational AI bot: A non-clinical trial},
  author={Kaywan, Payam and Ahmed, Khandakar and Ibaida, Ayman and Miao, Yuan and Gu, Bruce},
  journal={Plos one},
  volume={18},
  number={2},
  pages={e0279743},
  year={2023},
  publisher={Public Library of Science San Francisco, CA USA}
}
@inproceedings{miner2016conversational,
  title={Conversational agents and mental health: Theory-informed assessment of language and affect},
  author={Miner, Adam and Chow, Amanda and Adler, Sarah and Zaitsev, Ilia and Tero, Paul and Darcy, Alison and Paepcke, Andreas},
  booktitle={Proceedings of the fourth international conference on human agent interaction},
  pages={123--130},
  year={2016}
}
@inproceedings{lee2023exploring,
  title={Exploring effects of chatbot-based social contact on reducing mental illness stigma},
  author={Lee, Yi-Chieh and Cui, Yichao and Jamieson, Jack and Fu, Wayne and Yamashita, Naomi},
  booktitle={Proceedings of the 2023 CHI Conference on Human Factors in Computing Systems},
  pages={1--16},
  year={2023}
}
@article{chenbt5153,
  title={BT5153 Group Project Report Detecting Depression Users in Chinese Microblogs},
  author={Chen, Zhangliang and Dong, Lichen and Li, Wanbing and Zhang, Xiaokun}
}
@inproceedings{sadeque2018measuring,
  title={Measuring the latency of depression detection in social media},
  author={Sadeque, Farig and Xu, Dongfang and Bethard, Steven},
  booktitle={Proceedings of the Eleventh ACM International Conference on Web Search and Data Mining},
  pages={495--503},
  year={2018}
}
@article{kuehner2017depression,
  title={Why is depression more common among women than among men?},
  author={Kuehner, Christine},
  journal={The Lancet Psychiatry},
  volume={4},
  number={2},
  pages={146--158},
  year={2017},
  publisher={Elsevier}
}
@article{alhamad2021association,
  title={The association between social media use and depressive symptoms among adults in Riyadh, Saudi Arabia},
  author={AlHamad, Noura Saud and AlAmri, Khaled},
  journal={Journal of Family Medicine and Primary Care},
  volume={10},
  number={9},
  pages={3336--3342},
  year={2021},
  publisher={Medknow}
}
@article{devlin2018bert,
  title={Bert: Pre-training of deep bidirectional transformers for language understanding},
  author={Devlin, Jacob and Chang, Ming-Wei and Lee, Kenton and Toutanova, Kristina},
  journal={arXiv preprint arXiv:1810.04805},
  year={2018}
}