@INPROCEEDINGS{hu2004mining,
  title={Mining and summarizing customer reviews},
  author={Hu, Minqing and Liu, Bing},
  booktitle={Proceedings of the tenth ACM SIGKDD international conference on Knowledge discovery and data mining},
  pages={168--177},
  year={2004},
  organization={ACM}
}

@inproceedings{poria2014rule,
  title={A rule-based approach to aspect extraction from product reviews},
  author={Poria, Soujanya and Cambria, Erik and Ku, Lun-Wei and Gui, Chen and Gelbukh, Alexander},
  booktitle={Proceedings of the Second Workshop on Natural Language Processing for Social Media (SocialNLP)},
  pages={28--37},
  year={2014}
}

@article{qiu2011opinion,
  title={Opinion word expansion and target extraction through double propagation},
  author={Qiu, Guang and Liu, Bing and Bu, Jiajun and Chen, Chun},
  journal={Computational linguistics},
  volume={37},
  number={1},
  pages={9--27},
  year={2011},
  publisher={MIT Press}
}

@inproceedings{gindl2013rule,
  title={Rule-based opinion target and aspect extraction to acquire affective knowledge},
  author={Gindl, Stefan and Weichselbraun, Albert and Scharl, Arno},
  booktitle={Proceedings of the 22nd international conference on World Wide Web companion},
  pages={557--564},
  year={2013},
  organization={International World Wide Web Conferences Steering Committee}
}


@inproceedings{su2008hidden,
  title={Hidden sentiment association in chinese web opinion mining},
  author={Su, Qi and Xu, Xinying and Guo, Honglei and Guo, Zhili and Wu, Xian and Zhang, Xiaoxun and Swen, Bin and Su, Zhong},
  booktitle={Proceedings of the 17th international conference on World Wide Web},
  pages={959--968},
  year={2008},
  organization={ACM}
}


@incollection{zeng2013classification,
  title={A classification-based approach for implicit feature identification},
  author={Zeng, Lingwei and Li, Fang},
  booktitle={Chinese Computational Linguistics and Natural Language Processing Based on Naturally Annotated Big Data},
  pages={190--202},
  year={2013},
  publisher={Springer}
}

@inproceedings{hofmann1999probabilistic,
  title={Probabilistic latent semantic indexing},
  author={Hofmann, Thomas},
  booktitle={Proceedings of the 22nd annual international ACM SIGIR conference on Research and development in information retrieval},
  pages={50--57},
  year={1999},
  organization={ACM}
}

@article{blei2003latent,
  title={Latent dirichlet allocation},
  author={Blei, David M and Ng, Andrew Y and Jordan, Michael I},
  journal={the Journal of machine Learning research},
  volume={3},
  pages={993--1022},
  year={2003},
  publisher={JMLR. org}
}

@inproceedings{lakkaraju2011exploiting,
  title={Exploiting Coherence for the Simultaneous Discovery of Latent Facets and associated Sentiments.},
  author={Lakkaraju, Himabindu and Bhattacharyya, Chiranjib and Bhattacharya, Indrajit and Merugu, Srujana},
  booktitle={SDM},
  pages={498--509},
  year={2011},
  organization={SIAM}
}

@inproceedings{lin2009joint,
  title={Joint sentiment/topic model for sentiment analysis},
  author={Lin, Chenghua and He, Yulan},
  booktitle={Proceedings of the 18th ACM conference on Information and knowledge management},
  pages={375--384},
  year={2009},
  organization={ACM}
}

@inproceedings{moghaddam2012design,
  title={On the design of LDA models for aspect-based opinion mining},
  author={Moghaddam, Samaneh and Ester, Martin},
  booktitle={Proceedings of the 21st ACM international conference on Information and knowledge management},
  pages={803--812},
  year={2012},
  organization={ACM}
}

@inproceedings{mukherjee2012aspect,
  title={Aspect extraction through semi-supervised modeling},
  author={Mukherjee, Arjun and Liu, Bing},
  booktitle={Proceedings of the 50th Annual Meeting of the Association for Computational Linguistics: Long Papers-Volume 1},
  pages={339--348},
  year={2012},
  organization={Association for Computational Linguistics}
}

@inproceedings{andrzejewski2009incorporating,
  title={Incorporating domain knowledge into topic modeling via Dirichlet forest priors},
  author={Andrzejewski, David and Zhu, Xiaojin and Craven, Mark},
  booktitle={Proceedings of the 26th Annual International Conference on Machine Learning},
  pages={25--32},
  year={2009},
  organization={ACM}
}

@inproceedings{chen2014aspect,
  title={Aspect extraction with automated prior knowledge learning},
  author={Chen, Zhiyuan and Mukherjee, Arjun and Liu, Bing},
  booktitle={Proceedings of ACL},
  pages={347--358},
  year={2014}
}
