@inproceedings{kneser1995improved,
  title={Improved backing-off for m-gram language modeling},
  author={Kneser, Reinhard and Ney, Hermann},
  booktitle={1995 International Conference on Acoustics, Speech, and Signal Processing},
  volume={1},
  pages={181--184},
  year={1995},
  organization={IEEE}
}

@inproceedings{papineni2002bleu,
  title={BLEU: a method for automatic evaluation of machine translation},
  author={Papineni, Kishore and Roukos, Salim and Ward, Todd and Zhu, Wei-Jing},
  booktitle={Proceedings of the 40th annual meeting on association for computational linguistics},
  pages={311--318},
  year={2002},
  organization={Association for Computational Linguistics}
}

@inproceedings{wallach2006topic,
  title={Topic modeling: beyond bag-of-words},
  author={Wallach, Hanna M},
  booktitle={Proceedings of the 23rd international conference on Machine learning},
  pages={977--984},
  year={2006},
  organization={ACM}
}

@article{maaten2008visualizing,
  title={Visualizing data using t-SNE},
  author={Maaten, Laurens van der and Hinton, Geoffrey},
  journal={Journal of machine learning research},
  volume={9},
  number={Nov},
  pages={2579--2605},
  year={2008}
}

@article{kingma2013auto,
  title={Auto-encoding variational bayes},
  author={Kingma, Diederik P and Welling, Max},
  journal={arXiv preprint arXiv:1312.6114},
  year={2013}
}

@article{cho2014learning,
  title={Learning phrase representations using RNN encoder-decoder for statistical machine translation},
  author={Cho, Kyunghyun and Van Merri{\"e}nboer, Bart and Gulcehre, Caglar and Bahdanau, Dzmitry and Bougares, Fethi and Schwenk, Holger and Bengio, Yoshua},
  journal={arXiv preprint arXiv:1406.1078},
  year={2014}
}

@article{kim2014convolutional,
  title={Convolutional neural networks for sentence classification},
  author={Kim, Yoon},
  journal={arXiv preprint arXiv:1408.5882},
  year={2014}
}

@inproceedings{hwang2015aligning,
  title={Aligning sentences from standard wikipedia to simple wikipedia},
  author={Hwang, William and Hajishirzi, Hannaneh and Ostendorf, Mari and Wu, Wei},
  booktitle={Proceedings of the 2015 Conference of the North American Chapter of the Association for Computational Linguistics: Human Language Technologies},
  pages={211--217},
  year={2015}
}


@article{asghar2016yelp,
  title={Yelp dataset challenge: Review rating prediction},
  author={Asghar, Nabiha},
  journal={arXiv preprint arXiv:1605.05362},
  year={2016}
}


@inproceedings{finn2017model,
  title={Model-agnostic meta-learning for fast adaptation of deep networks},
  author={Finn, Chelsea and Abbeel, Pieter and Levine, Sergey},
  booktitle={Proceedings of the 34th International Conference on Machine Learning-Volume 70},
  pages={1126--1135},
  year={2017},
  organization={JMLR. org}
}

@inproceedings{shen2017style,
  title={Style transfer from non-parallel text by cross-alignment},
  author={Shen, Tianxiao and Lei, Tao and Barzilay, Regina and Jaakkola, Tommi},
  booktitle={Advances in neural information processing systems},
  pages={6830--6841},
  year={2017}
}

@article{li2018delete,
  title={Delete, retrieve, generate: A simple approach to sentiment and style transfer},
  author={Li, Juncen and Jia, Robin and He, He and Liang, Percy},
  journal={arXiv preprint arXiv:1804.06437},
  year={2018}
}

@article{john2018disentangled,
  title={Disentangled representation learning for text style transfer},
  author={John, Vineet and Mou, Lili and Bahuleyan, Hareesh and Vechtomova, Olga},
  journal={arXiv preprint arXiv:1808.04339},
  year={2018}
}

@article{zhang2018shaped,
  title={Shaped: Shared-private encoder-decoder for text style adaptation},
  author={Zhang, Ye and Ding, Nan and Soricut, Radu},
  journal={arXiv preprint arXiv:1804.04093},
  year={2018}
}

@article{xu2018unpaired,
  title={Unpaired sentiment-to-sentiment translation: A cycled reinforcement learning approach},
  author={Xu, Jingjing and Sun, Xu and Zeng, Qi and Ren, Xuancheng and Zhang, Xiaodong and Wang, Houfeng and Li, Wenjie},
  journal={arXiv preprint arXiv:1805.05181},
  year={2018}
}

@article{rao2018dear,
  title={Dear sir or madam, may I introduce the GYAFC dataset: Corpus, benchmarks and metrics for formality style transfer},
  author={Rao, Sudha and Tetreault, Joel},
  journal={arXiv preprint arXiv:1803.06535},
  year={2018}
}

@article{prabhumoye2018style,
  title={Style transfer through back-translation},
  author={Prabhumoye, Shrimai and Tsvetkov, Yulia and Salakhutdinov, Ruslan and Black, Alan W},
  journal={arXiv preprint arXiv:1804.09000},
  year={2018}
}

@inproceedings{fu2018style,
  title={Style transfer in text: Exploration and evaluation},
  author={Fu, Zhenxin and Tan, Xiaoye and Peng, Nanyun and Zhao, Dongyan and Yan, Rui},
  booktitle={Thirty-Second AAAI Conference on Artificial Intelligence},
  year={2018}
}



@inproceedings{chen2019align,
  title={Aligning Sentences between Comparable Texts of Different Styles},
  author={Chen, Xiwen and Zhu, Kenny Q. and Zhang, Mengxue},
  booktitle={The 9th Joint International Semantic Technology Conference},
  year={2019}
}


@article{wu2019mask,
  title={" Mask and Infill": Applying Masked Language Model to Sentiment Transfer},
  author={Wu, Xing and Zhang, Tao and Zang, Liangjun and Han, Jizhong and Hu, Songlin},
  journal={arXiv preprint arXiv:1908.08039},
  year={2019}
}

@article{li2019domain,
  title={Domain Adaptive Text Style Transfer},
  author={Li, Dianqi and Zhang, Yizhe and Gan, Zhe and Cheng, Yu and Brockett, Chris and Sun, Ming-Ting and Dolan, Bill},
  journal={arXiv preprint arXiv:1908.09395},
  year={2019}
}


@article{qian2019domain,
  title={Domain Adaptive Dialog Generation via Meta Learning},
  author={Qian, Kun and Yu, Zhou},
  journal={arXiv preprint arXiv:1906.03520},
  year={2019}
}

@article{wu2019hierarchical,
  title={A Hierarchical Reinforced Sequence Operation Method for Unsupervised Text Style Transfer},
  author={Wu, Chen and Ren, Xuancheng and Luo, Fuli and Sun, Xu},
  journal={arXiv preprint arXiv:1906.01833},
  year={2019}
}


@article{luo2019dual,
  title={A Dual Reinforcement Learning Framework for Unsupervised Text Style Transfer},
  author={Luo, Fuli and Li, Peng and Zhou, Jie and Yang, Pengcheng and Chang, Baobao and Sui, Zhifang and Sun, Xu},
  journal={arXiv preprint arXiv:1905.10060},
  year={2019}
}

@inproceedings{lee-etal-2019-neural,
    title = "Neural Text Style Transfer via Denoising and Reranking",
    author = "Lee, Joseph  and
      Xie, Ziang  and
      Wang, Cindy  and
      Drach, Max  and
      Jurafsky, Dan  and
      Ng, Andrew",
    booktitle = "Proceedings of the Workshop on Methods for Optimizing and Evaluating Neural Language Generation",
    month = jun,
    year = "2019",
    pages = "74--81"
}

