@article{benton2011identifying,
	title={Identifying potential adverse effects using the web: A new approach to medical hypothesis generation},
	author={Benton, Adrian and Ungar, Lyle H and Hill, Shawndra and Hennessy, Sean and Mao, Jun and Chung, Annie and Leonard, Charles E and Holmes, John H},
	journal={Journal of Biomedical Informatics},
	volume={44},
	number={6},
	pages={989--996},
	year={2011}}

@article{bombardier2000comparison,
	title={Comparison of upper gastrointestinal toxicity of rofecoxib and naproxen in patients with rheumatoid arthritis},
	author={Bombardier, Claire and Laine, Loren and Reicin, Alise and Shapiro, Deborah and Burgos-Vargas, Ruben and Davis, Barry and Day, Richard and Ferraz, Marcos Bosi and Hawkey, Christopher J and Hochberg, Marc C and others},
	journal={New England Journal of Medicine},
	volume={343},
	number={21},
	pages={1520--1528},
	year={2000},
	publisher={Mass Medical Soc}
}

@article{bresalier2005cardiovascular,
	title={Cardiovascular events associated with rofecoxib in a colorectal adenoma chemoprevention trial},
	author={Bresalier, Robert S and Sandler, Robert S and Quan, Hui and Bolognese, James A and Oxenius, Bettina and Horgan, Kevin and Lines, Christopher and Riddell, Robert and Morton, Dion and Lanas, Angel and others},
	journal={New England Journal of Medicine},
	volume={352},
	number={11},
	pages={1092--1102},
	year={2005},
	publisher={Mass Medical Soc}
}

@article{brown1999the,
	title={The Medical Dictionary for Regulatory Activities (MedDRA)},
	author={Brown, Elliot and Wood, Louise and Wood, Sue},
	journal={Drug Safety},
	volume={20},
	number={2},
	pages={109--117},
	year={1999}}

@inproceedings{chang2009discriminative,
	title={Discriminative reordering with Chinese grammatical relations features},
	author={Chang, Pi-Chuan and Tseng, Huihsin and Jurafsky, Dan and Manning, Christopher D},
	booktitle={Proceedings of the Third Workshop on Syntax and Structure in Statistical Translation},
	pages={51--59},
	year={2009},
	organization={Association for Computational Linguistics}
}

@article{cocos2017deep,
	title={Deep learning for pharmacovigilance: recurrent neural network architectures for labeling adverse drug reactions in Twitter posts},
	author={Cocos, Anne and Fiks, Alexander G and Masino, Aaron J},
	journal={Journal of the American Medical Informatics Association},
	pages={ocw180},
	year={2017},
	publisher={Oxford University Press}
}

@article{freifeld2014digital,
	title={Digital drug safety surveillance: monitoring pharmaceutical products in twitter},
	author={Freifeld, Clark C and Brownstein, John S and Menone, Christopher M and Bao, Wenjie and Filice, Ross and Kass-Hout, Taha and Dasgupta, Nabarun},
	journal={Drug safety},
	volume={37},
	number={5},
	pages={343--350},
	year={2014},
	publisher={Springer}
}

@article{graham2005risk,
	title={Risk of acute myocardial infarction and sudden cardiac death in patients treated with cyclo-oxygenase 2 selective and non-selective non-steroidal anti-inflammatory drugs: nested case-control study},
	author={Graham, David J and Campen, David and Hui, Rita and Spence, Michele and Cheetham, Craig and Levy, Gerald and Shoor, Stanford and Ray, Wayne A},
	journal={The Lancet},
	volume={365},
	number={9458},
	pages={475--481},
	year={2005},
	publisher={Elsevier}
}

@article{gurulingappa2013automatic,
	title={Automatic detection of adverse events to predict drug label changes using text and data mining techniques},
	author={Gurulingappa, Harsha and Toldo, Luca and Rajput, Abdul Mateen and Kors, Jan A and Taweel, Adel and Tayrouz, Yorki},
	journal={Pharmacoepidemiology and drug safety},
	volume={22},
	number={11},
	pages={1189--1194},
	year={2013},
	publisher={Wiley Online Library}
}

@article{hahn2012mining,
	title={Mining the pharmacogenomics literature—a survey of the state of the art},
	author={Hahn, Udo and Cohen, K Bretonnel and Garten, Yael and Shah, Nigam H},
	journal={Briefings in bioinformatics},
	volume={13},
	number={4},
	pages={460--494},
	year={2012},
	publisher={Oxford University Press}
}

@article{harpaz2012novel,
	title={Novel Data-Mining Methodologies for Adverse Drug Event Discovery and Analysis},
	author={Harpaz, Rave and DuMouchel, William and Shah, Nigam H and Madigan, David and Ryan, Patrick and Friedman, Carol},
	journal={Clinical Pharmacology \& Therapeutics},
	volume={91},
	number={6},
	pages={1010--1021},
	year={2012},
	publisher={Wiley Online Library}
}

@inproceedings{harpaz2010statistical,
	title={Statistical mining of potential drug interaction adverse effects in FDA’s spontaneous reporting system},
	author={Harpaz, Rave and Haerian, Krystl and Chase, Herbert S and Friedman, Carol},
	booktitle={AMIA Annual Symposium Proceedings},
	volume={2010},
	pages={281},
	year={2010},
	organization={American Medical Informatics Association}
}

@inproceedings{huynh2016adverse,
	title={Adverse drug reaction classification with deep neural networks},
	author={Huynh, Trung and He, Yulan and Willis, Alistair and R{\"u}ger, Stefan},
	year={2016},
	organization={COLING}
}

@inproceedings{jiang2013discovering,
	title={Discovering Consumer Health Expressions from Consumer-Contributed Content.},
	author={Jiang, Ling and Yang, Christopher C and Li, Jiexun},
	booktitle={SBP},
	pages={164--174},
	year={2013},
	organization={Springer}
}

@inproceedings{jonnagaddala2016binary,
	title={Binary classification of Twitter posts for adverse drug reactions},
	author={Jonnagaddala, JITENDRA and Jue, TONI ROSE and Dai, HJ},
	booktitle={Proceedings of the Social Media Mining Shared Task Workshop at the Pacific Symposium on Biocomputing, Big Island, HI, USA},
	pages={4--8},
	year={2016}
}

@inproceedings{karimi2011drug,
	title={Drug side-effects: What do patient forums reveal},
	author={Karimi, Sarvnaz and Kim, S and Cavedon, Lawrence},
	booktitle={The second international workshop on Web science and information exchange in the medical Web},
	pages={10--11},
	year={2011},
	organization={ACM}
}

@article{lardon2015adverse,
	title={Adverse drug reaction identification and extraction in social media: a scoping review},
	author={Lardon, J{\'e}r{\'e}my and Abdellaoui, Redhouane and Bellet, Florelle and Asfari, Hadyl and Souvignet, Julien and Texier, Nathalie and Jaulent, Marie-Christine and Beyens, Marie-No{\"e}lle and Burgun, Anita and Bousquet, C{\'e}dric},
	journal={Journal of medical Internet research},
	volume={17},
	number={7},
	year={2015},
	publisher={JMIR Publications Inc.}
}

@inproceedings{leaman2010towards,
	title={Towards internet-age pharmacovigilance: extracting adverse drug reactions from user posts to health-related social networks},
	author={Leaman, Robert and Wojtulewicz, Laura and Sullivan, Ryan and Skariah, Annie and Yang, Jian and Gonzalez, Graciela},
	booktitle={Proceedings of the 2010 workshop on biomedical natural language processing},
	pages={117--125},
	year={2010},
	organization={Association for Computational Linguistics}
}

@inproceedings{lee2017adverse,
	title={Adverse Drug Event Detection in Tweets with Semi-Supervised Convolutional Neural Networks},
	author={Lee, Kathy and Qadir, Ashequl and Hasan, Sadid A and Datla, Vivek and Prakash, Aaditya and Liu, Joey and Farri, Oladimeji},
	booktitle={Proceedings of the 26th International Conference on World Wide Web},
	pages={705--714},
	year={2017},
	organization={International World Wide Web Conferences Steering Committee}
}

@phdthesis{li2011medical,
	title={Medical data mining: Improving information accessibility using online patient drug reviews},
	author={Li, Yueyang Alice},
	year={2011},
	school={Massachusetts Institute of Technology}
}

@article{liu2012comparative,
	title={Comparative analysis of pharmacovigilance methods in the detection of adverse drug reactions using electronic medical records},
	author={Liu, Mei and McPeek Hinz, Eugenia Renne and Matheny, Michael Edwin and Denny, Joshua C and Schildcrout, Jonathan Scott and Miller, Randolph A and Xu, Hua},
	journal={Journal of the American Medical Informatics Association},
	volume={20},
	number={3},
	pages={420--426},
	year={2012},
	publisher={BMJ Publishing Group BMA House, Tavistock Square, London, WC1H 9JR}
}

@inproceedings{liu2013azdrugminer,
	title={AZDrugMiner: an information extraction system for mining patient-reported adverse drug events in online patient forums},
	author={Liu, Xiao and Chen, Hsinchun},
	booktitle={International Conference on Smart Health},
	pages={134--150},
	year={2013},
	organization={Springer}
}

@inproceedings{liu2014identifying,
	title={Identifying adverse drug events from health social media: a case study on heart disease discussion forums},
	author={Liu, Xiao and Liu, Jing and Chen, Hsinchun},
	booktitle={International Conference on Smart Health},
	pages={25--36},
	year={2014},
	organization={Springer}
}

@inproceedings{nikfarjam2011pattern,
	title={Pattern mining for extraction of mentions of adverse drug reactions from user comments},
	author={Nikfarjam, Azadeh and Gonzalez, Graciela H},
	booktitle={AMIA Annual Symposium Proceedings},
	volume={2011},
	pages={1019},
	year={2011},
	organization={American Medical Informatics Association}
}

@article{nikfarjam2015pharmacovigilance,
	title={Pharmacovigilance from social media: mining adverse drug reaction mentions using sequence labeling with word embedding cluster features},
	author={Nikfarjam, Azadeh and Sarker, Abeed and O’Connor, Karen and Ginn, Rachel and Gonzalez, Graciela},
	journal={Journal of the American Medical Informatics Association},
	volume={22},
	number={3},
	pages={671--681},
	year={2015},
	publisher={Oxford University Press}
}

@inproceedings{pandey2017improving,
	title={Improving RNN with Attention and Embedding for Adverse Drug Reactions},
	author={Pandey, Chandra and Ibrahim, Zina and Wu, Honghan and Iqbal, Ehtesham and Dobson, Richard},
	booktitle={Proceedings of the 2017 International Conference on Digital Health},
	pages={67--71},
	year={2017},
	organization={ACM}
}

@article{sampathkumar2014mining,
	title={Mining adverse drug reactions from online healthcare forums using hidden Markov model},
	author={Sampathkumar, Hariprasad and Chen, Xue-wen and Luo, Bo},
	journal={BMC medical informatics and decision making},
	volume={14},
	number={1},
	pages={91},
	year={2014},
	publisher={BioMed Central}
}

@article{sarker2015portable,
	title={Portable automatic text classification for adverse drug reaction detection via multi-corpus training},
	author={Sarker, Abeed and Gonzalez, Graciela},
	journal={Journal of biomedical informatics},
	volume={53},
	pages={196--207},
	year={2015},
	publisher={Elsevier}
}

@article{sarker2015utilizing,
	title={Utilizing social media data for pharmacovigilance: A review},
	author={Sarker, Abeed and Ginn, Rachel and Nikfarjam, Azadeh and O’Connor, Karen and Smith, Karen and Jayaraman, Swetha and Upadhaya, Tejaswi and Gonzalez, Graciela},
	journal={Journal of biomedical informatics},
	volume={54},
	pages={202--212},
	year={2015},
	publisher={Elsevier}
}

@article{scheiber2009mapping,
	title={Mapping adverse drug reactions in chemical space},
	author={Scheiber, Josef and Jenkins, Jeremy L and Sukuru, Sai Chetan K and Bender, Andreas and Mikhailov, Dmitri and Milik, Mariusz and Azzaoui, Kamal and Whitebread, Steven and Hamon, Jacques and Urban, Laszlo and others},
	journal={Journal of medicinal chemistry},
	volume={52},
	number={9},
	pages={3103--3107},
	year={2009},
	publisher={ACS Publications}
}

@inproceedings{sharif2014detecting,
	title={Detecting adverse drug reactions using a sentiment classification framework},
	author={Sharif, Hashim and Zaffar, Fareed and Abbasi, Ahmed and Zimbra, David},
	booktitle={SocialCom},
	year={2014},
	publisher={Academy of Science and Engineering (ASE), USA,{\copyright} ASE 2014}
}

@article{sohn2011drug,
	title={Drug side effect extraction from clinical narratives of psychiatry and psychology patients},
	author={Sohn, Sunghwan and Kocher, Jean-Pierre A and Chute, Christopher G and Savova, Guergana K},
	journal={Journal of the American Medical Informatics Association},
	volume={18},
	number={Supplement\_1},
	pages={i144--i149},
	year={2011},
	publisher={BMJ Group BMA House, Tavistock Square, London, WC1H 9JR}
}

@inproceedings{trotti2003ctcae,
	title={CTCAE v3. 0: development of a comprehensive grading system for the adverse effects of cancer treatment},
	author={Trotti, Andy and Colevas, A Dimitrios and Setser, Ann and Rusch, Valerie and Jaques, David and Budach, Volker and Langer, Corey and Murphy, Barbara and Cumberlin, Richard and Coleman, C Norman and others},
	booktitle={Seminars in radiation oncology},
	volume={13},
	number={3},
	pages={176--181},
	year={2003},
	organization={Elsevier}
}

@inproceedings{wang2011drug,
	title={A drug-adverse event extraction algorithm to support pharmacovigilance knowledge mining from PubMed citations},
	author={Wang, Wei and Haerian, Krystl and Salmasian, Hojjat and Harpaz, Rave and Chase, Herbert and Friedman, Carol},
	booktitle={AMIA annual symposium proceedings},
	volume={2011},
	pages={1464},
	year={2011},
	organization={American Medical Informatics Association}
}

@article{wang2014exploring,
	title={Exploring the associations between drug side-effects and therapeutic indications},
	author={Wang, Fei and Zhang, Ping and Cao, Nan and Hu, Jianying and Sorrentino, Robert},
	journal={Journal of biomedical informatics},
	volume={51},
	pages={15--23},
	year={2014},
	publisher={Elsevier}
}

@article{warrer2012using,
	title={Using text-mining techniques in electronic patient records to identify ADRs from medicine use},
	author={Warrer, Pernille and Hansen, Ebba Holme and Juhl-Jensen, Lars and Aagaard, Lise},
	journal={British journal of clinical pharmacology},
	volume={73},
	number={5},
	pages={674--684},
	year={2012},
	publisher={Wiley Online Library}
}

@inproceedings{wu2012early,
	title={An early warning system for unrecognized drug side effects discovery},
	author={Wu, Hao and Fang, Hui and Stanhope, Steven J},
	booktitle={Proceedings of the 21st International Conference on World Wide Web},
	pages={437--440},
	year={2012},
	organization={ACM}
}

@article{wu2013exploiting,
	title={Exploiting online discussions to discover unrecognized drug side effects},
	author={Wu, H and Fang, H and Stanhope, SJ and others},
	journal={Methods Inf Med},
	volume={52},
	number={2},
	pages={152--9},
	year={2013}
}

@inproceedings{xiao2017adverse,
	title={Adverse drug reaction prediction with symbolic latent Dirichlet allocation},
	author={Xiao, Cao and Zhang, Ping and Chaowalitwongse, W Art and Hu, Jianying and Wang, Fei},
	booktitle={Proceedings of the Thirty-First AAAI Conference on Artificial Intelligence},
	year={2017}
}

@article{xie2009drug,
	title={Drug discovery using chemical systems biology: identification of the protein-ligand binding network to explain the side effects of CETP inhibitors},
	author={Xie, Li and Li, Jerry and Xie, Lei and Bourne, Philip E},
	journal={PLoS computational biology},
	volume={5},
	number={5},
	pages={e1000387},
	year={2009},
	publisher={Public Library of Science}
}

@inproceedings{yang2012detecting,
	title={Detecting signals of adverse drug reactions from health consumer contributed content in social media},
	author={Yang, Christopher C and Jiang, Ling and Yang, Haodong and Tang, Xuning},
	booktitle={Proceedings of ACM SIGKDD workshop on health informatics},
	year={2012}
}

@article{yamanishi2012drug,
	title={Drug side-effect prediction based on the integration of chemical and biological spaces},
	author={Yamanishi, Yoshihiro and Pauwels, Edouard and Kotera, Masaaki},
	journal={Journal of chemical information and modeling},
	volume={52},
	number={12},
	pages={3284--3292},
	year={2012},
	publisher={ACS Publications}
}

@inproceedings{yang2012automatic,
	title={Automatic adverse drug events detection using letters to the editor},
	author={Yang, Chao and Srinivasan, Padmini and Polgreen, Philip M},
	booktitle={AMIA Annual Symposium Proceedings},
	volume={2012},
	pages={1030},
	year={2012},
	organization={American Medical Informatics Association}
}

@article{ye2014construction,
	title={Construction of drug network based on side effects and its application for drug repositioning},
	author={Ye, Hao and Liu, Qi and Wei, Jia},
	journal={PloS one},
	volume={9},
	number={2},
	pages={e87864},
	year={2014},
	publisher={Public Library of Science}
}

@article{yeleswarapu2014pipeline,
	title={A pipeline to extract drug-adverse event pairs from multiple data sources},
	author={Yeleswarapu, SriJyothsna and Rao, Aditya and Joseph, Thomas and Saipradeep, Vangala Govindakrishnan and Srinivasan, Rajgopal},
	journal={BMC medical informatics and decision making},
	volume={14},
	number={1},
	pages={13},
	year={2014},
	publisher={BioMed Central}
}

@book{yates2013ADRTrace,
	title={ADRTrace: Detecting Expected and Unexpected Adverse Drug Reactions from User Reviews on Social Media Sites},
	author={Yates, Andrew and Goharian, Nazli},
	publisher={Springer Berlin Heidelberg},
	pages={816-819},
	year={2013},
}

@inproceedings{zhang2003hhmm,
	title={HHMM-based Chinese lexical analyzer ICTCLAS},
	author={Zhang, Hua-Ping and Yu, Hong-Kui and Xiong, De-Yi and Liu, Qun},
	booktitle={Proceedings of the second SIGHAN workshop on Chinese language processing-Volume 17},
	pages={184--187},
	year={2003},
	organization={Association for Computational Linguistics}
}
