@inproceedings{DBLP:conf/mlcw/DaganGM05,
  author    = {Ido Dagan and
               Oren Glickman and
               Bernardo Magnini},
  editor    = {Joaquin Qui{\~{n}}onero Candela and
               Ido Dagan and
               Bernardo Magnini and
               Florence d'Alch{\'{e}}{-}Buc},
  title     = {The {PASCAL} Recognising Textual Entailment Challenge},
  booktitle = {Machine Learning Challenges, Evaluating Predictive Uncertainty, Visual
               Object Classification and Recognizing Textual Entailment, First {PASCAL}
               Machine Learning Challenges Workshop, {MLCW} 2005, Southampton, UK,
               April 11-13, 2005, Revised Selected Papers},
  series    = {Lecture Notes in Computer Science},
  volume    = {3944},
  pages     = {177--190},
  publisher = {Springer},
  year      = {2005},
  url       = {https://doi.org/10.1007/11736790\_9},
  doi       = {10.1007/11736790\_9},
  timestamp = {Tue, 14 May 2019 10:00:54 +0200},
  biburl    = {https://dblp.org/rec/conf/mlcw/DaganGM05.bib},
  bibsource = {dblp computer science bibliography, https://dblp.org}
}


@inproceedings{DBLP:conf/acl/WelleckWSC19,
  author    = {Sean Welleck and
               Jason Weston and
               Arthur Szlam and
               Kyunghyun Cho},
  editor    = {Anna Korhonen and
               David R. Traum and
               Llu{\'{\i}}s M{\`{a}}rquez},
  title     = {Dialogue Natural Language Inference},
  booktitle = {Proceedings of the 57th Conference of the Association for Computational
               Linguistics, {ACL} 2019, Florence, Italy, July 28- August 2, 2019,
               Volume 1: Long Papers},
  pages     = {3731--3741},
  publisher = {Association for Computational Linguistics},
  year      = {2019},
  url       = {https://doi.org/10.18653/v1/p19-1363},
  doi       = {10.18653/v1/p19-1363},
  timestamp = {Fri, 06 Aug 2021 00:41:03 +0200},
  biburl    = {https://dblp.org/rec/conf/acl/WelleckWSC19.bib},
  bibsource = {dblp computer science bibliography, https://dblp.org}
}


@article{DBLP:journals/corr/KolesnykRR16,
  author    = {Vladyslav Kolesnyk and
               Tim Rockt{\"{a}}schel and
               Sebastian Riedel},
  title     = {Generating Natural Language Inference Chains},
  journal   = {CoRR},
  volume    = {abs/1606.01404},
  year      = {2016},
  url       = {http://arxiv.org/abs/1606.01404},
  eprinttype = {arXiv},
  eprint    = {1606.01404},
  timestamp = {Mon, 13 Aug 2018 16:49:12 +0200},
  biburl    = {https://dblp.org/rec/journals/corr/KolesnykRR16.bib},
  bibsource = {dblp computer science bibliography, https://dblp.org}
}


@article{DBLP:journals/csl/StarcM17,
  author    = {Janez Starc and
               Dunja Mladenic},
  title     = {Constructing a Natural Language Inference dataset using generative
               neural networks},
  journal   = {Comput. Speech Lang.},
  volume    = {46},
  pages     = {94--112},
  year      = {2017},
  url       = {https://doi.org/10.1016/j.csl.2017.04.009},
  doi       = {10.1016/j.csl.2017.04.009},
  timestamp = {Thu, 20 Feb 2020 11:32:08 +0100},
  biburl    = {https://dblp.org/rec/journals/csl/StarcM17.bib},
  bibsource = {dblp computer science bibliography, https://dblp.org}
}


@article{DBLP:journals/corr/abs-1803-02710,
  author    = {Yikang Shen and
               Shawn Tan and
               Chin{-}Wei Huang and
               Aaron C. Courville},
  title     = {Generating Contradictory, Neutral, and Entailing Sentences},
  journal   = {CoRR},
  volume    = {abs/1803.02710},
  year      = {2018},
  url       = {http://arxiv.org/abs/1803.02710},
  eprinttype = {arXiv},
  eprint    = {1803.02710},
  timestamp = {Mon, 13 Aug 2018 16:47:27 +0200},
  biburl    = {https://dblp.org/rec/journals/corr/abs-1803-02710.bib},
  bibsource = {dblp computer science bibliography, https://dblp.org}
}


@article{DBLP:journals/corr/abs-1909-09788,
  author    = {Somayeh Jafaritazehjani and
               Albert Gatt and
               Marc Tanti},
  title     = {Visuallly Grounded Generation of Entailments from Premises},
  journal   = {CoRR},
  volume    = {abs/1909.09788},
  year      = {2019},
  url       = {http://arxiv.org/abs/1909.09788},
  eprinttype = {arXiv},
  eprint    = {1909.09788},
  timestamp = {Fri, 27 Sep 2019 13:04:21 +0200},
  biburl    = {https://dblp.org/rec/journals/corr/abs-1909-09788.bib},
  bibsource = {dblp computer science bibliography, https://dblp.org}
}


@inproceedings{DBLP:conf/emnlp/BowmanAPM15,
  author    = {Samuel R. Bowman and
               Gabor Angeli and
               Christopher Potts and
               Christopher D. Manning},
  editor    = {Llu{\'{\i}}s M{\`{a}}rquez and
               Chris Callison{-}Burch and
               Jian Su and
               Daniele Pighin and
               Yuval Marton},
  title     = {A large annotated corpus for learning natural language inference},
  booktitle = {Proceedings of the 2015 Conference on Empirical Methods in Natural
               Language Processing, {EMNLP} 2015, Lisbon, Portugal, September 17-21,
               2015},
  pages     = {632--642},
  publisher = {The Association for Computational Linguistics},
  year      = {2015},
  url       = {https://doi.org/10.18653/v1/d15-1075},
  doi       = {10.18653/v1/d15-1075},
  timestamp = {Fri, 06 Aug 2021 00:40:22 +0200},
  biburl    = {https://dblp.org/rec/conf/emnlp/BowmanAPM15.bib},
  bibsource = {dblp computer science bibliography, https://dblp.org}
}


@inproceedings{DBLP:conf/emnlp/PetroniRRLBWM19,
  author    = {Fabio Petroni and
               Tim Rockt{\"{a}}schel and
               Sebastian Riedel and
               Patrick S. H. Lewis and
               Anton Bakhtin and
               Yuxiang Wu and
               Alexander H. Miller},
  editor    = {Kentaro Inui and
               Jing Jiang and
               Vincent Ng and
               Xiaojun Wan},
  title     = {Language Models as Knowledge Bases?},
  booktitle = {Proceedings of the 2019 Conference on Empirical Methods in Natural
               Language Processing and the 9th International Joint Conference on
               Natural Language Processing, {EMNLP-IJCNLP} 2019, Hong Kong, China,
               November 3-7, 2019},
  pages     = {2463--2473},
  publisher = {Association for Computational Linguistics},
  year      = {2019},
  url       = {https://doi.org/10.18653/v1/D19-1250},
  doi       = {10.18653/v1/D19-1250},
  timestamp = {Thu, 05 Aug 2021 17:36:17 +0200},
  biburl    = {https://dblp.org/rec/conf/emnlp/PetroniRRLBWM19.bib},
  bibsource = {dblp computer science bibliography, https://dblp.org}
}


@inproceedings{DBLP:conf/eacl/SchickS21,
  author    = {Timo Schick and
               Hinrich Sch{\"{u}}tze},
  editor    = {Paola Merlo and
               J{\"{o}}rg Tiedemann and
               Reut Tsarfaty},
  title     = {Exploiting Cloze-Questions for Few-Shot Text Classification and Natural
               Language Inference},
  booktitle = {Proceedings of the 16th Conference of the European Chapter of the
               Association for Computational Linguistics: Main Volume, {EACL} 2021,
               Online, April 19 - 23, 2021},
  pages     = {255--269},
  publisher = {Association for Computational Linguistics},
  year      = {2021},
  url       = {https://aclanthology.org/2021.eacl-main.20/},
  timestamp = {Fri, 06 Aug 2021 00:40:45 +0200},
  biburl    = {https://dblp.org/rec/conf/eacl/SchickS21.bib},
  bibsource = {dblp computer science bibliography, https://dblp.org}
}


@inproceedings{DBLP:conf/emnlp/ShinRLWS20,
  author    = {Taylor Shin and
               Yasaman Razeghi and
               Robert L. Logan IV and
               Eric Wallace and
               Sameer Singh},
  editor    = {Bonnie Webber and
               Trevor Cohn and
               Yulan He and
               Yang Liu},
  title     = {AutoPrompt: Eliciting Knowledge from Language Models with Automatically
               Generated Prompts},
  booktitle = {Proceedings of the 2020 Conference on Empirical Methods in Natural
               Language Processing, {EMNLP} 2020, Online, November 16-20, 2020},
  pages     = {4222--4235},
  publisher = {Association for Computational Linguistics},
  year      = {2020},
  url       = {https://doi.org/10.18653/v1/2020.emnlp-main.346}
}


@inproceedings{DBLP:conf/nips/BrownMRSKDNSSAA20,
  author    = {Tom B. Brown and
               Benjamin Mann and
               Nick Ryder and
               Melanie Subbiah and
               Jared Kaplan and
               Prafulla Dhariwal and
               Arvind Neelakantan and
               Pranav Shyam and
               Girish Sastry and
               Amanda Askell and
               Sandhini Agarwal and
               Ariel Herbert{-}Voss and
               Gretchen Krueger and
               Tom Henighan and
               Rewon Child and
               Aditya Ramesh and
               Daniel M. Ziegler and
               Jeffrey Wu and
               Clemens Winter and
               Christopher Hesse and
               Mark Chen and
               Eric Sigler and
               Mateusz Litwin and
               Scott Gray and
               Benjamin Chess and
               Jack Clark and
               Christopher Berner and
               Sam McCandlish and
               Alec Radford and
               Ilya Sutskever and
               Dario Amodei},
  editor    = {Hugo Larochelle and
               Marc'Aurelio Ranzato and
               Raia Hadsell and
               Maria{-}Florina Balcan and
               Hsuan{-}Tien Lin},
  title     = {Language Models are Few-Shot Learners},
  booktitle = {Advances in Neural Information Processing Systems 33: Annual Conference
               on Neural Information Processing Systems 2020, NeurIPS 2020, December
               6-12, 2020, virtual},
  year      = {2020},
  url       = {https://proceedings.neurips.cc/paper/2020/hash/1457c0d6bfcb4967418bfb8ac142f64a-Abstract.html},
  timestamp = {Tue, 19 Jan 2021 15:56:50 +0100},
  biburl    = {https://dblp.org/rec/conf/nips/BrownMRSKDNSSAA20.bib},
  bibsource = {dblp computer science bibliography, https://dblp.org}
}


@inproceedings{DBLP:conf/acl/GaoFC20,
  author    = {Tianyu Gao and
               Adam Fisch and
               Danqi Chen},
  editor    = {Chengqing Zong and
               Fei Xia and
               Wenjie Li and
               Roberto Navigli},
  title     = {Making Pre-trained Language Models Better Few-shot Learners},
  booktitle = {Proceedings of the 59th Annual Meeting of the Association for Computational
               Linguistics and the 11th International Joint Conference on Natural
               Language Processing, {ACL/IJCNLP} 2021, (Volume 1: Long Papers), Virtual
               Event, August 1-6, 2021},
  pages     = {3816--3830},
  publisher = {Association for Computational Linguistics},
  year      = {2021},
  url       = {https://doi.org/10.18653/v1/2021.acl-long.295},
  doi       = {10.18653/v1/2021.acl-long.295},
  timestamp = {Mon, 09 Aug 2021 16:25:37 +0200},
  biburl    = {https://dblp.org/rec/conf/acl/GaoFC20.bib},
  bibsource = {dblp computer science bibliography, https://dblp.org}
}


@article{DBLP:journals/jmlr/RaffelSRLNMZLL20,
  author    = {Colin Raffel and
               Noam Shazeer and
               Adam Roberts and
               Katherine Lee and
               Sharan Narang and
               Michael Matena and
               Yanqi Zhou and
               Wei Li and
               Peter J. Liu},
  title     = {Exploring the Limits of Transfer Learning with a Unified Text-to-Text
               Transformer},
  journal   = {J. Mach. Learn. Res.},
  volume    = {21},
  pages     = {140:1--140:67},
  year      = {2020},
  url       = {http://jmlr.org/papers/v21/20-074.html},
  timestamp = {Fri, 05 Feb 2021 15:43:41 +0100},
  biburl    = {https://dblp.org/rec/journals/jmlr/RaffelSRLNMZLL20.bib},
  bibsource = {dblp computer science bibliography, https://dblp.org}
}


@article{DBLP:journals/corr/abs-2101-06804,
  author    = {Jiachang Liu and
               Dinghan Shen and
               Yizhe Zhang and
               Bill Dolan and
               Lawrence Carin and
               Weizhu Chen},
  title     = {What Makes Good In-Context Examples for GPT-3?},
  journal   = {CoRR},
  volume    = {abs/2101.06804},
  year      = {2021},
  url       = {https://arxiv.org/abs/2101.06804},
  eprinttype = {arXiv},
  eprint    = {2101.06804},
  timestamp = {Mon, 21 Jun 2021 08:27:37 +0200},
  biburl    = {https://dblp.org/rec/journals/corr/abs-2101-06804.bib},
  bibsource = {dblp computer science bibliography, https://dblp.org}
}


@inproceedings{DBLP:conf/naacl/DevlinCLT19,
  author    = {Jacob Devlin and
               Ming{-}Wei Chang and
               Kenton Lee and
               Kristina Toutanova},
  editor    = {Jill Burstein and
               Christy Doran and
               Thamar Solorio},
  title     = {{BERT:} Pre-training of Deep Bidirectional Transformers for Language
               Understanding},
  booktitle = {Proceedings of the 2019 Conference of the North American Chapter of
               the Association for Computational Linguistics: Human Language Technologies,
               {NAACL-HLT} 2019, Minneapolis, MN, USA, June 2-7, 2019, Volume 1 (Long
               and Short Papers)},
  pages     = {4171--4186},
  publisher = {Association for Computational Linguistics},
  year      = {2019},
  url       = {https://doi.org/10.18653/v1/n19-1423},
  doi       = {10.18653/v1/n19-1423},
  timestamp = {Fri, 06 Aug 2021 00:41:31 +0200},
  biburl    = {https://dblp.org/rec/conf/naacl/DevlinCLT19.bib},
  bibsource = {dblp computer science bibliography, https://dblp.org}
}


@article{DBLP:journals/corr/abs-1907-11692,
  author    = {Yinhan Liu and
               Myle Ott and
               Naman Goyal and
               Jingfei Du and
               Mandar Joshi and
               Danqi Chen and
               Omer Levy and
               Mike Lewis and
               Luke Zettlemoyer and
               Veselin Stoyanov},
  title     = {RoBERTa: {A} Robustly Optimized {BERT} Pretraining Approach},
  journal   = {CoRR},
  volume    = {abs/1907.11692},
  year      = {2019},
  url       = {http://arxiv.org/abs/1907.11692},
  eprinttype = {arXiv},
  eprint    = {1907.11692},
  timestamp = {Thu, 01 Aug 2019 08:59:33 +0200},
  biburl    = {https://dblp.org/rec/journals/corr/abs-1907-11692.bib},
  bibsource = {dblp computer science bibliography, https://dblp.org}
}


@article{DBLP:journals/corr/abs-2002-06305,
  author    = {Jesse Dodge and
               Gabriel Ilharco and
               Roy Schwartz and
               Ali Farhadi and
               Hannaneh Hajishirzi and
               Noah A. Smith},
  title     = {Fine-Tuning Pretrained Language Models: Weight Initializations, Data
               Orders, and Early Stopping},
  journal   = {CoRR},
  volume    = {abs/2002.06305},
  year      = {2020},
  url       = {https://arxiv.org/abs/2002.06305},
  eprinttype = {arXiv},
  eprint    = {2002.06305},
  timestamp = {Wed, 23 Dec 2020 10:13:20 +0100},
  biburl    = {https://dblp.org/rec/journals/corr/abs-2002-06305.bib},
  bibsource = {dblp computer science bibliography, https://dblp.org}
}


@inproceedings{DBLP:conf/iclr/0007WKWA21,
  author    = {Tianyi Zhang and
               Felix Wu and
               Arzoo Katiyar and
               Kilian Q. Weinberger and
               Yoav Artzi},
  title     = {Revisiting Few-sample {BERT} Fine-tuning},
  booktitle = {9th International Conference on Learning Representations, {ICLR} 2021,
               Virtual Event, Austria, May 3-7, 2021},
  publisher = {OpenReview.net},
  year      = {2021},
  url       = {https://openreview.net/forum?id=cO1IH43yUF},
  timestamp = {Wed, 23 Jun 2021 17:36:39 +0200},
  biburl    = {https://dblp.org/rec/conf/iclr/0007WKWA21.bib},
  bibsource = {dblp computer science bibliography, https://dblp.org}
}


@article{radford2018improving,
  title={Improving language understanding by generative pre-training},
  author={Radford, Alec and Narasimhan, Karthik and Salimans, Tim and Sutskever, Ilya},
  url={https://s3-us-west-2.amazonaws.com/openai-assets/research-covers/language-unsupervised/language_understanding_paper.pdf},
  year={2018}
}


@article{radford2019language,
  title={Language models are unsupervised multitask learners},
  author={Radford, Alec and Wu, Jeffrey and Child, Rewon and Luan, David and Amodei, Dario and Sutskever, Ilya and others},
  journal={OpenAI blog},
  volume={1},
  number={8},
  pages={9},
  year={2019},
  url={https://d4mucfpksywv.cloudfront.net/better-language-models/language-models.pdf}
}


@inproceedings{DBLP:conf/acl/LewisLGGMLSZ20,
  author    = {Mike Lewis and
               Yinhan Liu and
               Naman Goyal and
               Marjan Ghazvininejad and
               Abdelrahman Mohamed and
               Omer Levy and
               Veselin Stoyanov and
               Luke Zettlemoyer},
  editor    = {Dan Jurafsky and
               Joyce Chai and
               Natalie Schluter and
               Joel R. Tetreault},
  title     = {{BART:} Denoising Sequence-to-Sequence Pre-training for Natural Language
               Generation, Translation, and Comprehension},
  booktitle = {Proceedings of the 58th Annual Meeting of the Association for Computational
               Linguistics, {ACL} 2020, Online, July 5-10, 2020},
  pages     = {7871--7880},
  publisher = {Association for Computational Linguistics},
  year      = {2020},
  url       = {https://doi.org/10.18653/v1/2020.acl-main.703},
  doi       = {10.18653/v1/2020.acl-main.703},
  timestamp = {Fri, 06 Aug 2021 00:40:50 +0200},
  biburl    = {https://dblp.org/rec/conf/acl/LewisLGGMLSZ20.bib},
  bibsource = {dblp computer science bibliography, https://dblp.org}
}

@inproceedings{DBLP:conf/emnlp/WallaceFKGS19,
  author    = {Eric Wallace and
               Shi Feng and
               Nikhil Kandpal and
               Matt Gardner and
               Sameer Singh},
  editor    = {Kentaro Inui and
               Jing Jiang and
               Vincent Ng and
               Xiaojun Wan},
  title     = {Universal Adversarial Triggers for Attacking and Analyzing {NLP}},
  booktitle = {Proceedings of the 2019 Conference on Empirical Methods in Natural
               Language Processing and the 9th International Joint Conference on
               Natural Language Processing, {EMNLP-IJCNLP} 2019, Hong Kong, China,
               November 3-7, 2019},
  pages     = {2153--2162},
  publisher = {Association for Computational Linguistics},
  year      = {2019},
  url       = {https://doi.org/10.18653/v1/D19-1221},
  doi       = {10.18653/v1/D19-1221}
}


@inproceedings{reimers-2019-sentence-bert,
  title = "Sentence-BERT: Sentence Embeddings using Siamese BERT-Networks",
  author = "Reimers, Nils and Gurevych, Iryna",
  booktitle = "Proceedings of the 2019 Conference on Empirical Methods in Natural Language Processing",
  month = "11",
  year = "2019",
  publisher = "Association for Computational Linguistics",
  url = "https://arxiv.org/abs/1908.10084",
}


@inproceedings{DBLP:conf/nips/LewisPPPKGKLYR020,
  author    = {Patrick S. H. Lewis and
               Ethan Perez and
               Aleksandra Piktus and
               Fabio Petroni and
               Vladimir Karpukhin and
               Naman Goyal and
               Heinrich K{\"{u}}ttler and
               Mike Lewis and
               Wen{-}tau Yih and
               Tim Rockt{\"{a}}schel and
               Sebastian Riedel and
               Douwe Kiela},
  editor    = {Hugo Larochelle and
               Marc'Aurelio Ranzato and
               Raia Hadsell and
               Maria{-}Florina Balcan and
               Hsuan{-}Tien Lin},
  title     = {Retrieval-Augmented Generation for Knowledge-Intensive {NLP} Tasks},
  booktitle = {Advances in Neural Information Processing Systems 33: Annual Conference
               on Neural Information Processing Systems 2020, NeurIPS 2020, December
               6-12, 2020, virtual},
  year      = {2020},
  url       = {https://proceedings.neurips.cc/paper/2020/hash/6b493230205f780e1bc26945df7481e5-Abstract.html},
  timestamp = {Tue, 19 Jan 2021 15:57:07 +0100},
  biburl    = {https://dblp.org/rec/conf/nips/LewisPPPKGKLYR020.bib},
  bibsource = {dblp computer science bibliography, https://dblp.org}
}


@article{DBLP:journals/tacl/JiangXAN20,
  author    = {Zhengbao Jiang and
               Frank F. Xu and
               Jun Araki and
               Graham Neubig},
  title     = {How Can We Know What Language Models Know},
  journal   = {Trans. Assoc. Comput. Linguistics},
  volume    = {8},
  pages     = {423--438},
  year      = {2020},
  url       = {https://transacl.org/ojs/index.php/tacl/article/view/1983},
  timestamp = {Wed, 17 Feb 2021 21:55:24 +0100},
  biburl    = {https://dblp.org/rec/journals/tacl/JiangXAN20.bib},
  bibsource = {dblp computer science bibliography, https://dblp.org}
}

@inproceedings{lin-2004-rouge,
    title = "{ROUGE}: A Package for Automatic Evaluation of Summaries",
    author = "Lin, Chin-Yew",
    booktitle = "Text Summarization Branches Out",
    month = jul,
    year = "2004",
    address = "Barcelona, Spain",
    publisher = "Association for Computational Linguistics",
    url = "https://aclanthology.org/W04-1013",
    pages = "74--81",
}

@inproceedings{papineni2002bleu,
  title={Bleu: a method for automatic evaluation of machine translation},
  author={Papineni, Kishore and Roukos, Salim and Ward, Todd and Zhu, Wei-Jing},
  booktitle={Proceedings of the 40th annual meeting of the Association for Computational Linguistics},
  pages={311--318},
  year={2002}
}

@inproceedings{nie-etal-2020-adversarial,
    title = "Adversarial {NLI}: A New Benchmark for Natural Language Understanding",
    author = "Nie, Yixin  and
      Williams, Adina  and
      Dinan, Emily  and
      Bansal, Mohit  and
      Weston, Jason  and
      Kiela, Douwe",
    booktitle = "Proceedings of the 58th Annual Meeting of the Association for Computational Linguistics",
    year = "2020",
    publisher = "Association for Computational Linguistics",
}

@inproceedings{li-etal-2016-diversity,
    title = "A Diversity-Promoting Objective Function for Neural Conversation Models",
    author = "Li, Jiwei  and
      Galley, Michel  and
      Brockett, Chris  and
      Gao, Jianfeng  and
      Dolan, Bill",
    booktitle = "Proceedings of the 2016 Conference of the North {A}merican Chapter of the Association for Computational Linguistics: Human Language Technologies",
    month = jun,
    year = "2016",
    address = "San Diego, California",
    publisher = "Association for Computational Linguistics",
    url = "https://aclanthology.org/N16-1014",
    doi = "10.18653/v1/N16-1014",
    pages = "110--119",
}


@article{DBLP:journals/corr/abs-1909-05858,
  author    = {Nitish Shirish Keskar and
               Bryan McCann and
               Lav R. Varshney and
               Caiming Xiong and
               Richard Socher},
  title     = {{CTRL:} {A} Conditional Transformer Language Model for Controllable
               Generation},
  journal   = {CoRR},
  volume    = {abs/1909.05858},
  year      = {2019},
  url       = {http://arxiv.org/abs/1909.05858},
  eprinttype = {arXiv},
  eprint    = {1909.05858},
  timestamp = {Wed, 18 Sep 2019 10:38:36 +0200},
  biburl    = {https://dblp.org/rec/journals/corr/abs-1909-05858.bib},
  bibsource = {dblp computer science bibliography, https://dblp.org}
}


@article{DBLP:journals/corr/abs-2012-11926,
  author    = {Timo Schick and
               Hinrich Sch{\"{u}}tze},
  title     = {Few-Shot Text Generation with Pattern-Exploiting Training},
  journal   = {CoRR},
  volume    = {abs/2012.11926},
  year      = {2020},
  url       = {https://arxiv.org/abs/2012.11926},
  eprinttype = {arXiv},
  eprint    = {2012.11926},
  timestamp = {Mon, 04 Jan 2021 16:33:46 +0100},
  biburl    = {https://dblp.org/rec/journals/corr/abs-2012-11926.bib},
  bibsource = {dblp computer science bibliography, https://dblp.org}
}


@article{DBLP:journals/corr/abs-2106-10715,
  author    = {Zhengyan Zhang and
               Yuxian Gu and
               Xu Han and
               Shengqi Chen and
               Chaojun Xiao and
               Zhenbo Sun and
               Yuan Yao and
               Fanchao Qi and
               Jian Guan and
               Pei Ke and
               Yanzheng Cai and
               Guoyang Zeng and
               Zhixing Tan and
               Zhiyuan Liu and
               Minlie Huang and
               Wentao Han and
               Yang Liu and
               Xiaoyan Zhu and
               Maosong Sun},
  title     = {{CPM-2:} Large-scale Cost-effective Pre-trained Language Models},
  journal   = {CoRR},
  volume    = {abs/2106.10715},
  year      = {2021},
  url       = {https://arxiv.org/abs/2106.10715},
  eprinttype = {arXiv},
  eprint    = {2106.10715},
  timestamp = {Thu, 14 Oct 2021 09:14:48 +0200},
  biburl    = {https://dblp.org/rec/journals/corr/abs-2106-10715.bib},
  bibsource = {dblp computer science bibliography, https://dblp.org}
}


@inproceedings{DBLP:conf/acl/LiL20,
  author    = {Xiang Lisa Li and
               Percy Liang},
  editor    = {Chengqing Zong and
               Fei Xia and
               Wenjie Li and
               Roberto Navigli},
  title     = {Prefix-Tuning: Optimizing Continuous Prompts for Generation},
  booktitle = {Proceedings of the 59th Annual Meeting of the Association for Computational
               Linguistics and the 11th International Joint Conference on Natural
               Language Processing, {ACL/IJCNLP} 2021, (Volume 1: Long Papers), Virtual
               Event, August 1-6, 2021},
  pages     = {4582--4597},
  publisher = {Association for Computational Linguistics},
  year      = {2021},
  url       = {https://doi.org/10.18653/v1/2021.acl-long.353},
  doi       = {10.18653/v1/2021.acl-long.353},
  timestamp = {Mon, 09 Aug 2021 16:25:37 +0200},
  biburl    = {https://dblp.org/rec/conf/acl/LiL20.bib},
  bibsource = {dblp computer science bibliography, https://dblp.org}
}


@article{DBLP:journals/corr/abs-2107-03374,
  author    = {Mark Chen and
               Jerry Tworek and
               Heewoo Jun and
               Qiming Yuan and
               Henrique Ponde de Oliveira Pinto and
               Jared Kaplan and
               Harrison Edwards and
               Yuri Burda and
               Nicholas Joseph and
               Greg Brockman and
               Alex Ray and
               Raul Puri and
               Gretchen Krueger and
               Michael Petrov and
               Heidy Khlaaf and
               Girish Sastry and
               Pamela Mishkin and
               Brooke Chan and
               Scott Gray and
               Nick Ryder and
               Mikhail Pavlov and
               Alethea Power and
               Lukasz Kaiser and
               Mohammad Bavarian and
               Clemens Winter and
               Philippe Tillet and
               Felipe Petroski Such and
               Dave Cummings and
               Matthias Plappert and
               Fotios Chantzis and
               Elizabeth Barnes and
               Ariel Herbert{-}Voss and
               William Hebgen Guss and
               Alex Nichol and
               Alex Paino and
               Nikolas Tezak and
               Jie Tang and
               Igor Babuschkin and
               Suchir Balaji and
               Shantanu Jain and
               William Saunders and
               Christopher Hesse and
               Andrew N. Carr and
               Jan Leike and
               Joshua Achiam and
               Vedant Misra and
               Evan Morikawa and
               Alec Radford and
               Matthew Knight and
               Miles Brundage and
               Mira Murati and
               Katie Mayer and
               Peter Welinder and
               Bob McGrew and
               Dario Amodei and
               Sam McCandlish and
               Ilya Sutskever and
               Wojciech Zaremba},
  title     = {Evaluating Large Language Models Trained on Code},
  journal   = {CoRR},
  volume    = {abs/2107.03374},
  year      = {2021},
  url       = {https://arxiv.org/abs/2107.03374},
  eprinttype = {arXiv},
  eprint    = {2107.03374},
  timestamp = {Tue, 20 Jul 2021 15:08:33 +0200},
  biburl    = {https://dblp.org/rec/journals/corr/abs-2107-03374.bib},
  bibsource = {dblp computer science bibliography, https://dblp.org}
}


@article{DBLP:journals/corr/abs-2106-11520,
  author    = {Weizhe Yuan and
               Graham Neubig and
               Pengfei Liu},
  title     = {BARTScore: Evaluating Generated Text as Text Generation},
  journal   = {CoRR},
  volume    = {abs/2106.11520},
  year      = {2021},
  url       = {https://arxiv.org/abs/2106.11520},
  eprinttype = {arXiv},
  eprint    = {2106.11520},
  timestamp = {Wed, 30 Jun 2021 16:14:10 +0200},
  biburl    = {https://dblp.org/rec/journals/corr/abs-2106-11520.bib},
  bibsource = {dblp computer science bibliography, https://dblp.org}
}


@inproceedings{DBLP:conf/eacl/HavivBG21,
  author    = {Adi Haviv and
               Jonathan Berant and
               Amir Globerson},
  editor    = {Paola Merlo and
               J{\"{o}}rg Tiedemann and
               Reut Tsarfaty},
  title     = {BERTese: Learning to Speak to {BERT}},
  booktitle = {Proceedings of the 16th Conference of the European Chapter of the
               Association for Computational Linguistics: Main Volume, {EACL} 2021,
               Online, April 19 - 23, 2021},
  pages     = {3618--3623},
  publisher = {Association for Computational Linguistics},
  year      = {2021},
  url       = {https://aclanthology.org/2021.eacl-main.316/},
  timestamp = {Fri, 06 Aug 2021 00:40:45 +0200},
  biburl    = {https://dblp.org/rec/conf/eacl/HavivBG21.bib},
  bibsource = {dblp computer science bibliography, https://dblp.org}
}

@article{DBLP:journals/corr/abs-2102-12206,
  author    = {Eyal Ben{-}David and
               Nadav Oved and
               Roi Reichart},
  title     = {{PADA:} {A} Prompt-based Autoregressive Approach for Adaptation to
               Unseen Domains},
  journal   = {CoRR},
  volume    = {abs/2102.12206},
  year      = {2021},
  url       = {https://arxiv.org/abs/2102.12206},
  eprinttype = {arXiv},
  eprint    = {2102.12206},
  timestamp = {Tue, 02 Mar 2021 12:11:01 +0100},
  biburl    = {https://dblp.org/rec/journals/corr/abs-2102-12206.bib},
  bibsource = {dblp computer science bibliography, https://dblp.org}
}


@inproceedings{DBLP:conf/emnlp/LesterAC21,
  author    = {Brian Lester and
               Rami Al{-}Rfou and
               Noah Constant},
  editor    = {Marie{-}Francine Moens and
               Xuanjing Huang and
               Lucia Specia and
               Scott Wen{-}tau Yih},
  title     = {The Power of Scale for Parameter-Efficient Prompt Tuning},
  booktitle = {Proceedings of the 2021 Conference on Empirical Methods in Natural
               Language Processing, {EMNLP} 2021, Virtual Event / Punta Cana, Dominican
               Republic, 7-11 November, 2021},
  pages     = {3045--3059},
  publisher = {Association for Computational Linguistics},
  year      = {2021},
  url       = {https://aclanthology.org/2021.emnlp-main.243},
  timestamp = {Tue, 09 Nov 2021 13:51:50 +0100},
  biburl    = {https://dblp.org/rec/conf/emnlp/LesterAC21.bib},
  bibsource = {dblp computer science bibliography, https://dblp.org}
}


@inproceedings{DBLP:conf/naacl/ZhongFC21,
  author    = {Zexuan Zhong and
               Dan Friedman and
               Danqi Chen},
  editor    = {Kristina Toutanova and
               Anna Rumshisky and
               Luke Zettlemoyer and
               Dilek Hakkani{-}T{\"{u}}r and
               Iz Beltagy and
               Steven Bethard and
               Ryan Cotterell and
               Tanmoy Chakraborty and
               Yichao Zhou},
  title     = {Factual Probing Is {[MASK]:} Learning vs. Learning to Recall},
  booktitle = {Proceedings of the 2021 Conference of the North American Chapter of
               the Association for Computational Linguistics: Human Language Technologies,
               {NAACL-HLT} 2021, Online, June 6-11, 2021},
  pages     = {5017--5033},
  publisher = {Association for Computational Linguistics},
  year      = {2021},
  url       = {https://doi.org/10.18653/v1/2021.naacl-main.398},
  doi       = {10.18653/v1/2021.naacl-main.398},
  timestamp = {Fri, 06 Aug 2021 00:41:31 +0200},
  biburl    = {https://dblp.org/rec/conf/naacl/ZhongFC21.bib},
  bibsource = {dblp computer science bibliography, https://dblp.org}
}


@inproceedings{DBLP:conf/naacl/QinE21,
  author    = {Guanghui Qin and
               Jason Eisner},
  editor    = {Kristina Toutanova and
               Anna Rumshisky and
               Luke Zettlemoyer and
               Dilek Hakkani{-}T{\"{u}}r and
               Iz Beltagy and
               Steven Bethard and
               Ryan Cotterell and
               Tanmoy Chakraborty and
               Yichao Zhou},
  title     = {Learning How to Ask: Querying LMs with Mixtures of Soft Prompts},
  booktitle = {Proceedings of the 2021 Conference of the North American Chapter of
               the Association for Computational Linguistics: Human Language Technologies,
               {NAACL-HLT} 2021, Online, June 6-11, 2021},
  pages     = {5203--5212},
  publisher = {Association for Computational Linguistics},
  year      = {2021},
  url       = {https://doi.org/10.18653/v1/2021.naacl-main.410},
  doi       = {10.18653/v1/2021.naacl-main.410},
  timestamp = {Fri, 06 Aug 2021 00:41:31 +0200},
  biburl    = {https://dblp.org/rec/conf/naacl/QinE21.bib},
  bibsource = {dblp computer science bibliography, https://dblp.org}
}


@article{DBLP:journals/corr/abs-2103-10385,
  author    = {Xiao Liu and
               Yanan Zheng and
               Zhengxiao Du and
               Ming Ding and
               Yujie Qian and
               Zhilin Yang and
               Jie Tang},
  title     = {{GPT} Understands, Too},
  journal   = {CoRR},
  volume    = {abs/2103.10385},
  year      = {2021},
  url       = {https://arxiv.org/abs/2103.10385},
  eprinttype = {arXiv},
  eprint    = {2103.10385},
  timestamp = {Wed, 22 Sep 2021 15:21:50 +0200},
  biburl    = {https://dblp.org/rec/journals/corr/abs-2103-10385.bib},
  bibsource = {dblp computer science bibliography, https://dblp.org}
}


@inproceedings{DBLP:conf/acl/KumarT21,
  author    = {Sawan Kumar and
               Partha P. Talukdar},
  editor    = {Chengqing Zong and
               Fei Xia and
               Wenjie Li and
               Roberto Navigli},
  title     = {Reordering Examples Helps during Priming-based Few-Shot Learning},
  booktitle = {Findings of the Association for Computational Linguistics: {ACL/IJCNLP}
               2021, Online Event, August 1-6, 2021},
  series    = {Findings of {ACL}},
  volume    = {{ACL/IJCNLP} 2021},
  pages     = {4507--4518},
  publisher = {Association for Computational Linguistics},
  year      = {2021},
  url       = {https://doi.org/10.18653/v1/2021.findings-acl.395},
  doi       = {10.18653/v1/2021.findings-acl.395},
  timestamp = {Fri, 27 Aug 2021 08:39:19 +0200},
  biburl    = {https://dblp.org/rec/conf/acl/KumarT21.bib},
  bibsource = {dblp computer science bibliography, https://dblp.org}
}

@article{liu2021pre,
  title={Pre-train, prompt, and predict: A systematic survey of prompting methods in natural language processing},
  author={Liu, Pengfei and Yuan, Weizhe and Fu, Jinlan and Jiang, Zhengbao and Hayashi, Hiroaki and Neubig, Graham},
  journal={arXiv preprint arXiv:2107.13586},
  year={2021}
}


@inproceedings{DBLP:journals/corr/KingmaB14,
  author    = {Diederik P. Kingma and
               Jimmy Ba},
  editor    = {Yoshua Bengio and
               Yann LeCun},
  title     = {Adam: {A} Method for Stochastic Optimization},
  booktitle = {3rd International Conference on Learning Representations, {ICLR} 2015,
               San Diego, CA, USA, May 7-9, 2015, Conference Track Proceedings},
  year      = {2015},
  url       = {http://arxiv.org/abs/1412.6980},
  timestamp = {Thu, 25 Jul 2019 14:25:37 +0200},
  biburl    = {https://dblp.org/rec/journals/corr/KingmaB14.bib},
  bibsource = {dblp computer science bibliography, https://dblp.org}
}


@inproceedings{qi2020stanza,
    title={Stanza: A {Python} Natural Language Processing Toolkit for Many Human Languages},
    author={Qi, Peng and Zhang, Yuhao and Zhang, Yuhui and Bolton, Jason and Manning, Christopher D.},
    booktitle = "Proceedings of the 58th Annual Meeting of the Association for Computational Linguistics: System Demonstrations",
    year={2020}
}