@InProceedings{lahiri:2014:SRW,
	author    = {Lahiri, Shibamouli},
	title     = {{Complexity of Word Collocation Networks: A Preliminary Structural Analysis}},
	booktitle = {Proceedings of the Student Research Workshop at the 14th Conference of the European Chapter of the Association for Computational Linguistics},
	month     = {April},
	year      = {2014},
	address   = {Gothenburg, Sweden},
	pages     = {96--105}
}

@inproceedings{mintz2009distant,
	title={Distant supervision for relation extraction without labeled data},
	author={Mintz, Mike and Bills, Steven and Snow, Rion and Jurafsky, Dan},
	booktitle={Proceedings of the Joint Conference of the 47th Annual Meeting of the ACL and the 4th International Joint Conference on Natural Language Processing of the AFNLP: Volume 2},
	pages={1003--1011},
	year={2009},
}

@inproceedings{Lin2016NeuralRE,
	title={Neural Relation Extraction with Selective Attention over Instances},
	author={Yankai Lin and Shiqi Shen and Zhiyuan Liu and Huanbo Luan and Maosong Sun},
	booktitle={ACL},
	year={2016}
}
@inproceedings{hoffmann2011knowledge,
	title={Knowledge-based weak supervision for information extraction of overlapping relations},
	author={Hoffmann, Raphael and Zhang, Congle and Ling, Xiao and Zettlemoyer, Luke and Weld, Daniel S},
	booktitle={Proceedings of the 49th Annual Meeting of the Association for Computational Linguistics: Human Language Technologies-Volume 1},
	pages={541--550},
	year={2011},
}
@inproceedings{surdeanu2012multi,
	title={Multi-instance multi-label learning for relation extraction},
	author={Surdeanu, Mihai and Tibshirani, Julie and Nallapati, Ramesh and Manning, Christopher D},
	booktitle={Proceedings of the 2012 joint conference on empirical methods in natural language processing and computational natural language learning},
	pages={455--465},
	year={2012},
}
@article{riedel2010modeling,
	title={Modeling relations and their mentions without labeled text},
	author={Riedel, Sebastian and Yao, Limin and McCallum, Andrew},
	journal={Machine learning and knowledge discovery in databases},
	pages={148--163},
	year={2010},
	publisher={Springer}
}
@inproceedings{speer2012representing,
	title={Representing General Relational Knowledge in ConceptNet 5.},
	author={Speer, Robert and Havasi, Catherine},
	booktitle={LREC},
	pages={3679--3686},
	year={2012}
}

@inproceedings{yatskar2016stating,
  title={Stating the Obvious: Extracting Visual Common Sense Knowledge},
  author={Yatskar, Mark and Ordonez, Vicente and Farhadi, Ali},
  booktitle={Proceedings of NAACL-HLT},
  pages={193--198},
  year={2016}
}

@inproceedings{li2016commonsense,
  title={Commonsense knowledge base completion},
  author={Li, Xiang and Taheri, Aynaz and Tu, Lifu and Gimpel, Kevin},
  booktitle={Proceedings of the 54th Annual Meeting of the Association for Computational Linguistics (ACL), Berlin, Germany, August. Association for Computational Linguistics},
  year={2016}
}
@inproceedings{zeng2014relation,
	title={Relation Classification via Convolutional Deep Neural Network.},
	author={Zeng, Daojian and Liu, Kang and Lai, Siwei and Zhou, Guangyou and Zhao, Jun and others},
	booktitle={COLING},
	pages={2335--2344},
	year={2014}
}
@article{hinton2012improving,
	title={Improving neural networks by preventing co-adaptation of feature detectors},
	author={Hinton, Geoffrey E and Srivastava, Nitish and Krizhevsky, Alex and Sutskever, Ilya and Salakhutdinov, Ruslan R},
	journal={arXiv preprint arXiv:1207.0580},
	year={2012}
}
@article{zaremba2014recurrent,
	title={Recurrent neural network regularization},
	author={Zaremba, Wojciech and Sutskever, Ilya and Vinyals, Oriol},
	journal={arXiv preprint arXiv:1409.2329},
	year={2014}
}
@article{ioffe2015batch,
	title={Batch normalization: Accelerating deep network training by reducing internal covariate shift},
	author={Ioffe, Sergey and Szegedy, Christian},
	journal={arXiv preprint arXiv:1502.03167},
	year={2015}
}
@article{cooijmans2016recurrent,
	title={Recurrent batch normalization},
	author={Cooijmans, Tim and Ballas, Nicolas and Laurent, C{\'e}sar and G{\"u}l{\c{c}}ehre, {\c{C}}a{\u{g}}lar and Courville, Aaron},
	journal={arXiv preprint arXiv:1603.09025},
	year={2016}
}
@article{hinton2012neural,
	title={Neural Networks for Machine Learning Lecture 6a Overview of mini--batch gradient descent},
	author={Hinton, Geoffrey and Srivastava, NiRsh and Swersky, Kevin},
	journal={Lecture 6.5, Coursera},
	year={2012}
}
@article{bengio1994learning,
	title={Learning long-term dependencies with gradient descent is difficult},
	author={Bengio, Yoshua and Simard, Patrice and Frasconi, Paolo},
	journal={IEEE transactions on neural networks},
	volume={5},
	number={2},
	pages={157--166},
	year={1994},
	publisher={IEEE}
}
@article{hochreiter1997long,
	title={Long short-term memory},
	author={Hochreiter, Sepp and Schmidhuber, J{\"u}rgen},
	journal={Neural computation},
	volume={9},
	number={8},
	pages={1735--1780},
	year={1997},
	publisher={MIT Press}
}
@inproceedings{socher2011semi,
	title={Semi-supervised recursive autoencoders for predicting sentiment distributions},
	author={Socher, Richard and Pennington, Jeffrey and Huang, Eric H and Ng, Andrew Y and Manning, Christopher D},
	booktitle={Proceedings of the conference on empirical methods in natural language processing},
	pages={151--161},
	year={2011},
}
@inproceedings{xu2015classifying,
	title={Classifying Relations via Long Short Term Memory Networks along Shortest Dependency Paths.},
	author={Xu, Yan and Mou, Lili and Li, Ge and Chen, Yunchuan and Peng, Hao and Jin, Zhi},
	booktitle={EMNLP},
	pages={1785--1794},
	year={2015}
}
@inproceedings{lin2014microsoft,
	title={Microsoft coco: Common objects in context},
	author={Lin, Tsung-Yi and Maire, Michael and Belongie, Serge and Hays, James and Perona, Pietro and Ramanan, Deva and Doll{\'a}r, Piotr and Zitnick, C Lawrence},
	booktitle={European Conference on Computer Vision},
	pages={740--755},
	year={2014},
	organization={Springer}
}
@inproceedings{ebrahimi2015chain,
	title={Chain Based RNN for Relation Classification.},
	author={Ebrahimi, Javid and Dou, Dejing},
	booktitle={HLT-NAACL},
	pages={1244--1249},
	year={2015}
}
@inproceedings{sem,
	author    = {Iris Hendrickx and
	Su Nam Kim and
	Zornitsa Kozareva and
	Preslav Nakov and
	Diarmuid {\'{O}} S{\'{e}}aghdha and
	Sebastian Pad{\'{o}} and
	Marco Pennacchiotti and
	Lorenza Romano and
	Stan Szpakowicz},
	title     = {SemEval-2010 Task 8: Multi-Way Classification of Semantic Relations
	between Pairs of Nominals},
	booktitle = {Proceedings of the 5th International Workshop on Semantic Evaluation,
	SemEval@ACL 2010, Uppsala University, Uppsala, Sweden, July 15-16,
	2010},
	pages     = {33--38},
	year      = {2010}
}
@article{xu2016improved,
	title={Improved relation classification by deep recurrent neural networks with data augmentation},
	author={Xu, Yan and Jia, Ran and Mou, Lili and Li, Ge and Chen, Yunchuan and Lu, Yangyang and Jin, Zhi},
	journal={arXiv preprint arXiv:1601.03651},
	year={2016}
}
@inproceedings{pennington2014glove,
	author = {Jeffrey Pennington and Richard Socher and Christopher D. Manning},
	booktitle = {Empirical Methods in Natural Language Processing (EMNLP)},
	title = {GloVe: Global Vectors for Word Representation},
	year = {2014},
	pages = {1532--1543},
	url = {http://www.aclweb.org/anthology/D14-1162},
}
@article{dagan2009recognizing,
	title={Recognizing textual entailment: Rational, evaluation and approaches},
	author={Dagan, Ido and Dolan, Bill and Magnini, Bernardo and Roth, Dan},
	journal={Natural Language Engineering},
	volume={15},
	number={4},
	pages={i--xvii},
	year={2009},
	publisher={Cambridge University Press}
}
@article{bowman2015large,
	title={A large annotated corpus for learning natural language inference},
	author={Bowman, Samuel R and Angeli, Gabor and Potts, Christopher and Manning, Christopher D},
	journal={arXiv preprint arXiv:1508.05326},
	year={2015}
}
@inproceedings{zhu2014reasoning,
	title={Reasoning about object affordances in a knowledge base representation},
	author={Zhu, Yuke and Fathi, Alireza and Fei-Fei, Li},
	booktitle={European conference on computer vision},
	pages={408--424},
	year={2014},
	organization={Springer}
}
