@inproceedings{DBLP:journals/corr/LiGBGD15,
    title = "A Diversity-Promoting Objective Function for Neural Conversation Models",
    author = "Li, Jiwei  and
      Galley, Michel  and
      Brockett, Chris  and
      Gao, Jianfeng  and
      Dolan, Bill",
    booktitle = "Proceedings of the 2016 Conference of the North {A}merican Chapter of the Association for Computational Linguistics: Human Language Technologies",
    year = "2016",
    pages = "110--119",
}

@inproceedings{rao2018learning,
    title = "Learning to Ask Good Questions: Ranking Clarification Questions using Neural Expected Value of Perfect Information",
    author = "Rao, Sudha  and
      Daum{\'e} III, Hal",
    booktitle = "Proceedings of the 56th Annual Meeting of the Association for Computational Linguistics (Volume 1: Long Papers)",
    year = "2018",
    pages = "2737--2746",
}

@inproceedings{rao2019answer,
    title = "{A}nswer-based {A}dversarial {T}raining for {G}enerating {C}larification {Q}uestions",
    author = "Rao, Sudha  and
      Daum{\'e} III, Hal",
    booktitle = "Proceedings of the 2019 Conference of the North {A}merican Chapter of the Association for Computational Linguistics: Human Language Technologies, Volume 1 (Long and Short Papers)",
    year = "2019",
    pages = "143--155",
}

@inproceedings{cao2019controlling,
    title = "Controlling the Specificity of Clarification Question Generation",
    author = "Cao, Yang Trista  and
      Rao, Sudha  and
      Daum{\'e} III, Hal",
    booktitle = "Proceedings of the 2019 Workshop on Widening NLP",
    year = "2019",
    pages = "53--56",
}


@inproceedings{vijayakumar2018diverse,
  author    = {Ashwin K. Vijayakumar and
               Michael Cogswell and
               Ramprasaath R. Selvaraju and
               Qing Sun and
               Stefan Lee and
               David J. Crandall and
               Dhruv Batra},
  editor    = {Sheila A. McIlraith and
               Kilian Q. Weinberger},
  title     = {Diverse Beam Search for Improved Description of Complex Scenes},
  booktitle = {Proceedings of the Thirty-Second {AAAI} Conference on Artificial Intelligence,
               (AAAI-18), New Orleans, Louisiana, USA, February
               2-7, 2018},
  pages     = {7371--7379},
  year      = {2018}
}


@inproceedings{shen2019mixture,
  author    = {Tianxiao Shen and
               Myle Ott and
               Michael Auli and
               Marc'Aurelio Ranzato},
  editor    = {Kamalika Chaudhuri and
               Ruslan Salakhutdinov},
  title     = {Mixture Models for Diverse Machine Translation: Tricks of the Trade},
  booktitle = {Proceedings of the 36th International Conference on Machine Learning,
               {ICML} 2019, 9-15 June 2019, Long Beach, California, {USA}},
  series    = {Proceedings of Machine Learning Research},
  volume    = {97},
  pages     = {5719--5728},
  year      = {2019},
}


@article{luo2020analysis,
  title={Analysis of diversity-accuracy tradeoff in image captioning},
  author={Luo, Ruotian and Shakhnarovich, Gregory},
  journal={arXiv preprint arXiv:2002.11848},
  year={2020}
}

@inproceedings{wang2018learning,
    title = "Learning to Ask Questions in Open-domain Conversational Systems with Typed Decoders",
    author = "Wang, Yansen  and
      Liu, Chenyi  and
      Huang, Minlie  and
      Nie, Liqiang",
    booktitle = "Proceedings of the 56th Annual Meeting of the Association for Computational Linguistics (Volume 1: Long Papers)",
    year = "2018",
    pages = "2193--2203",
}

@inproceedings{ippolito2019comparison,
    title = "Comparison of Diverse Decoding Methods from Conditional Language Models",
    author = "Ippolito, Daphne  and
      Kriz, Reno  and
      Sedoc, Jo{\~a}o  and
      Kustikova, Maria  and
      Callison-Burch, Chris",
    booktitle = "Proceedings of the 57th Annual Meeting of the Association for Computational Linguistics",
    year = "2019",
    pages = "3752--3762",
}


@inproceedings{zamani2020generating,
  author    = {Hamed Zamani and
               Susan T. Dumais and
               Nick Craswell and
               Paul N. Bennett and
               Gord Lueck},
  editor    = {Yennun Huang and
               Irwin King and
               Tie{-}Yan Liu and
               Maarten van Steen},
  title     = {Generating Clarifying Questions for Information Retrieval},
  booktitle = {{WWW} '20: The Web Conference 2020, Taipei, Taiwan, April 20-24, 2020},
  pages     = {418--428},
  year      = {2020},
}


@inproceedings{mcauley2015image,
  author    = {Julian J. McAuley and
               Christopher Targett and
               Qinfeng Shi and
               Anton van den Hengel},
  editor    = {Ricardo Baeza{-}Yates and
               Mounia Lalmas and
               Alistair Moffat and
               Berthier A. Ribeiro{-}Neto},
  title     = {Image-Based Recommendations on Styles and Substitutes},
  booktitle = {Proceedings of the 38th International {ACM} {SIGIR} Conference on
               Research and Development in Information Retrieval, Santiago, Chile,
               August 9-13, 2015},
  pages     = {43--52},
  year      = {2015},
}


@inproceedings{mcauley2016addressing,
  author    = {Julian J. McAuley and
               Alex Yang},
  editor    = {Jacqueline Bourdeau and
               Jim Hendler and
               Roger Nkambou and
               Ian Horrocks and
               Ben Y. Zhao},
  title     = {Addressing Complex and Subjective Product-Related Queries with Customer
               Reviews},
  booktitle = {Proceedings of the 25th International Conference on World Wide Web,
               {WWW} 2016, Montreal, Canada, April 11 - 15, 2016},
  pages     = {625--635},
  year      = {2016},
}


@article{dhole2020resolving,
  title={Resolving Intent Ambiguities by Retrieving Discriminative Clarifying Questions},
  author={Dhole, Kaustubh D},
  journal={arXiv preprint arXiv:2008.07559},
  year={2020}
}

@inproceedings{kim-2014-convolutional,
    title = "Convolutional Neural Networks for Sentence Classification",
    author = "Kim, Yoon",
    booktitle = "Proceedings of the 2014 Conference on Empirical Methods in Natural Language Processing ({EMNLP})",
    year = "2014",
    pages = "1746--1751",
}

@inproceedings{luong2015effective,
    title = "Effective Approaches to Attention-based Neural Machine Translation",
    author = "Luong, Thang  and
      Pham, Hieu  and
      Manning, Christopher D.",
    booktitle = "Proceedings of the 2015 Conference on Empirical Methods in Natural Language Processing",
    year = "2015",
    pages = "1412--1421",
}

@inproceedings{fan-etal-2018-hierarchical,
    title = "Hierarchical Neural Story Generation",
    author = "Fan, Angela  and
      Lewis, Mike  and
      Dauphin, Yann",
    booktitle = "Proceedings of the 56th Annual Meeting of the Association for Computational Linguistics (Volume 1: Long Papers)",
    year = "2018",
    pages = "889--898",
}


@article{radford2019language,
  title={Language models are unsupervised multitask learners},
  author={Radford, Alec and Wu, Jeffrey and Child, Rewon and Luan, David and Amodei, Dario and Sutskever, Ilya},
  year={2019}
}


@inproceedings{holtzman2019curious,
  author    = {Ari Holtzman and
               Jan Buys and
               Li Du and
               Maxwell Forbes and
               Yejin Choi},
  title     = {The Curious Case of Neural Text Degeneration},
  booktitle = {8th International Conference on Learning Representations, {ICLR} 2020,
               Addis Ababa, Ethiopia, April 26-30, 2020},
  year      = {2020},
}


@TECHREPORT{Shi00normalizedcuts,
    author = {Jianbo Shi and Jitendra Malik},
    title = {Normalized cuts and image segmentation},
    institution = {},
    year = {2000}
}

@inproceedings{wang2019topic,
    title = "Topic-Aware Neural Keyphrase Generation for Social Media Language",
    author = "Wang, Yue  and
      Li, Jing  and
      Chan, Hou Pong  and
      King, Irwin  and
      Lyu, Michael R.  and
      Shi, Shuming",
    booktitle = "Proceedings of the 57th Annual Meeting of the Association for Computational Linguistics",
    year = "2019",
    pages = "2516--2526",
}

@inproceedings{papineni2002bleu,
    title = "{B}leu: a Method for Automatic Evaluation of Machine Translation",
    author = "Papineni, Kishore  and
      Roukos, Salim  and
      Ward, Todd  and
      Zhu, Wei-Jing",
    booktitle = "Proceedings of the 40th Annual Meeting of the Association for Computational Linguistics",
    year = "2002",
    pages = "311--318",
}

@inproceedings{pennington2014glove,
    title = "{G}lo{V}e: Global Vectors for Word Representation",
    author = "Pennington, Jeffrey  and
      Socher, Richard  and
      Manning, Christopher",
    booktitle = "Proceedings of the 2014 Conference on Empirical Methods in Natural Language Processing ({EMNLP})",
    year = "2014",
    pages = "1532--1543",
}

@inproceedings{banerjee2005meteor,
    title = "{METEOR}: An Automatic Metric for {MT} Evaluation with Improved Correlation with Human Judgments",
    author = "Banerjee, Satanjeev  and
      Lavie, Alon",
    booktitle = "Proceedings of the {ACL} Workshop on Intrinsic and Extrinsic Evaluation Measures for Machine Translation and/or Summarization",
    year = "2005",
    pages = "65--72",
}


@article{hu2018aspect,
  title={Aspect-based Question Generation},
  author={Hu, Wenpeng and Liu, Bing and Ma, Jinwen and Zhao, Dongyan and Yan, Rui},
  year={2018}
}


@inproceedings{jain2017creativity,
  author    = {Unnat Jain and
               Ziyu Zhang and
               Alexander G. Schwing},
  title     = {Creativity: Generating Diverse Questions Using Variational Autoencoders},
  booktitle = {2017 {IEEE} Conference on Computer Vision and Pattern Recognition,
               {CVPR} 2017, Honolulu, HI, USA, July 21-26, 2017},
  pages     = {5415--5424},
  year      = {2017},
}


@inproceedings{dong2018challenges,
  author    = {Xin Luna Dong},
  editor    = {Yike Guo and
               Faisal Farooq},
  title     = {Challenges and Innovations in Building a Product Knowledge Graph},
  booktitle = {Proceedings of the 24th {ACM} {SIGKDD} International Conference on
               Knowledge Discovery {\&} Data Mining, {KDD} 2018, London, UK, August
               19-23, 2018},
  pages     = {2869},
  year      = {2018},
}


@inproceedings{luo2020alicoco,
  author    = {Xusheng Luo and
               Luxin Liu and
               Yonghua Yang and
               Le Bo and
               Yuanpeng Cao and
               Jinghang Wu and
               Qiang Li and
               Keping Yang and
               Kenny Q. Zhu},
  editor    = {David Maier and
               Rachel Pottinger and
               AnHai Doan and
               Wang{-}Chiew Tan and
               Abdussalam Alawini and
               Hung Q. Ngo},
  title     = {AliCoCo: Alibaba E-commerce Cognitive Concept Net},
  booktitle = {Proceedings of the 2020 International Conference on Management of
               Data, {SIGMOD} Conference 2020, online conference [Portland, OR, USA],
               June 14-19, 2020},
  pages     = {313--327},
  year      = {2020},
}


@inproceedings{stoyanchev2014towards,
  title={Towards natural clarification questions in dialogue systems},
  author={Stoyanchev, Svetlana and Liu, Alex and Hirschberg, Julia},
  booktitle={AISB symposium on questions, discourse and dialogue},
  volume={20},
  year={2014}
}


@inproceedings{aliannejadi2019asking,
  author    = {Mohammad Aliannejadi and
               Hamed Zamani and
               Fabio Crestani and
               W. Bruce Croft},
  editor    = {Benjamin Piwowarski and
               Max Chevalier and
               {\'{E}}ric Gaussier and
               Yoelle Maarek and
               Jian{-}Yun Nie and
               Falk Scholer},
  title     = {Asking Clarifying Questions in Open-Domain Information-Seeking Conversations},
  booktitle = {Proceedings of the 42nd International {ACM} {SIGIR} Conference on
               Research and Development in Information Retrieval, {SIGIR} 2019, Paris,
               France, July 21-25, 2019},
  pages     = {475--484},
  year      = {2019},
}

@inproceedings{cho2014learning,
    title = "Learning Phrase Representations using {RNN} Encoder{--}Decoder for Statistical Machine Translation",
    author = {Cho, Kyunghyun  and
      van Merri{\"e}nboer, Bart  and
      Gulcehre, Caglar  and
      Bahdanau, Dzmitry  and
      Bougares, Fethi  and
      Schwenk, Holger  and
      Bengio, Yoshua},
    booktitle = "Proceedings of the 2014 Conference on Empirical Methods in Natural Language Processing ({EMNLP})",
    year = "2014",
    pages = "1724--1734",
}


@article{hochreiter1997long,
  title={Long short-term memory},
  author={Hochreiter, Sepp and Schmidhuber, J{\"u}rgen},
  journal={Neural computation},
  volume={9},
  number={8},
  pages={1735--1780},
  year={1997},
  publisher={MIT Press}
}


@inproceedings{mikolov2013distributed,
  author    = {Tom{\'{a}}s Mikolov and
               Ilya Sutskever and
               Kai Chen and
               Gregory S. Corrado and
               Jeffrey Dean},
  editor    = {Christopher J. C. Burges and
               L{\'{e}}on Bottou and
               Zoubin Ghahramani and
               Kilian Q. Weinberger},
  title     = {Distributed Representations of Words and Phrases and their Compositionality},
  booktitle = {Advances in Neural Information Processing Systems 26: 27th Annual
               Conference on Neural Information Processing Systems 2013. Proceedings
               of a meeting held December 5-8, 2013, Lake Tahoe, Nevada, United States},
  pages     = {3111--3119},
  year      = {2013},
}

@inproceedings{rajpurkar2016squad,
    title = "{SQ}u{AD}: 100,000+ Questions for Machine Comprehension of Text",
    author = "Rajpurkar, Pranav  and
      Zhang, Jian  and
      Lopyrev, Konstantin  and
      Liang, Percy",
    booktitle = "Proceedings of the 2016 Conference on Empirical Methods in Natural Language Processing",
    year = "2016",
    pages = "2383--2392",
}

@inproceedings{song2018leveraging,
    title = "Leveraging Context Information for Natural Question Generation",
    author = "Song, Linfeng  and
      Wang, Zhiguo  and
      Hamza, Wael  and
      Zhang, Yue  and
      Gildea, Daniel",
    booktitle = "Proceedings of the 2018 Conference of the North {A}merican Chapter of the Association for Computational Linguistics: Human Language Technologies, Volume 2 (Short Papers)",
    year = "2018",
    pages = "569--574",
}

@inproceedings{sun2018answer,
    title = "Answer-focused and Position-aware Neural Question Generation",
    author = "Sun, Xingwu  and
      Liu, Jing  and
      Lyu, Yajuan  and
      He, Wei  and
      Ma, Yanjun  and
      Wang, Shi",
    booktitle = "Proceedings of the 2018 Conference on Empirical Methods in Natural Language Processing",
    year = "2018",
    pages = "3930--3939",
}

@inproceedings{subramanian2018neural,
    title = "Neural Models for Key Phrase Extraction and Question Generation",
    author = "Subramanian, Sandeep  and
      Wang, Tong  and
      Yuan, Xingdi  and
      Zhang, Saizheng  and
      Trischler, Adam  and
      Bengio, Yoshua",
    booktitle = "Proceedings of the Workshop on Machine Reading for Question Answering",
    year = "2018",
    pages = "78--88",
}

@inproceedings{Kumar_2020,
    title = "{C}lar{Q}: A large-scale and diverse dataset for Clarification Question Generation",
    author = "Kumar, Vaibhav  and
      Black, Alan W",
    booktitle = "Proceedings of the 58th Annual Meeting of the Association for Computational Linguistics",
    year = "2020",
    pages = "7296--7301",
}


@article{randolph2005free,
  title={Free-Marginal Multirater Kappa (multirater K [free]): An Alternative to Fleiss' Fixed-Marginal Multirater Kappa.},
  author={Randolph, Justus J},
  journal={Online submission},
  year={2005},
  publisher={ERIC}
}


@article{landis1977measurement,
  title={The measurement of observer agreement for categorical data},
  author={Landis, J Richard and Koch, Gary G},
  journal={biometrics},
  pages={159--174},
  year={1977},
  publisher={JSTOR}
}


@article{aliannejadi2020convai3,
  title={ConvAI3: Generating Clarifying Questions for Open-Domain Dialogue Systems (ClariQ)},
  author={Aliannejadi, Mohammad and Kiseleva, Julia and Chuklin, Aleksandr and Dalton, Jeff and Burtsev, Mikhail},
  journal={arXiv preprint arXiv:2009.11352},
  year={2020}
}

@inproceedings{xu2019asking,
    title = "Asking Clarification Questions in Knowledge-Based Question Answering",
    author = "Xu, Jingjing  and
      Wang, Yuechen  and
      Tang, Duyu  and
      Duan, Nan  and
      Yang, Pengcheng  and
      Zeng, Qi  and
      Zhou, Ming  and
      Sun, Xu",
    booktitle = "Proceedings of the 2019 Conference on Empirical Methods in Natural Language Processing and the 9th International Joint Conference on Natural Language Processing (EMNLP-IJCNLP)",
    year = "2019",
    pages = "1618--1629",
}

@inproceedings{LiangZ18code,
  author    = {Yuding Liang and
               Kenny Q. Zhu},
  title     = {Automatic Generation of Text Descriptive Comments for Code Blocks},
  booktitle = {Proceedings of the Thirty-Second {AAAI} Conference on Artificial Intelligence,
               (AAAI-18), New Orleans, Louisiana, USA, February
               2-7, 2018},
  pages     = {5229--5236},
  year      = {2018}
}
