@inproceedings{meehan1977tale,
  title={TALE-SPIN, An Interactive Program that Writes Stories.},
  author={Meehan, James R},
  booktitle={IJCAI},
  pages={91--98},
  year={1977}
}

@article{chambers2008unsupervised,
  title={Unsupervised learning of narrative event chains},
  author={Chambers, Nathanael and Jurafsky, Dan},
  journal={ACL},
  pages={789--797},
  year={2008}
}

@inproceedings{mostafazadeh2016corpus,
  title={A Corpus and Cloze Evaluation for Deeper Understanding of Commonsense Stories},
  author={Mostafazadeh, Nasrin and Chambers, Nathanael and He, Xiaodong and Parikh, Devi and Batra, Dhruv and Vanderwende, Lucy and Kohli, Pushmeet and Allen, James},
  booktitle={NAACL},
  pages={839--849},
  year={2016}
}

@article{mostafazadeh2016story,
  title={Story Cloze Evaluator: Vector Space Representation Evaluation by Predicting What Happens Next},
  author={Mostafazadeh, Nasrin and Vanderwende, Lucy and Yih, Wen-tau and Kohli, Pushmeet and Allen, James},
  journal={ACL 2016},
  pages={24},
  year={2016}
}

@inproceedings{bugert2017lsdsem,
  title={{LSDSem} 2017: Exploring data generation methods for the story cloze test},
  author={Bugert, Michael and Puzikov, Yevgeniy and R{\"u}ckl{\'e}, Andreas and Eckle-Kohler, Judith and Martin, Teresa and Mart{\'\i}nez-C{\'a}mara, Eugenio and Sorokin, Daniil and Peyrard, Maxime and Gurevych, Iryna},
  booktitle={LSDSem},
  pages={56--61},
  year={2017}
}

@inproceedings{cai2017pay,
  title={Pay attention to the ending: Strong neural baselines for the roc story cloze task},
  author={Cai, Zheng and Tu, Lifu and Gimpel, Kevin},
  booktitle={ACL},
  volume={2},
  pages={616--622},
  year={2017}
}

@inproceedings{wang2017conditional,
  title={Conditional Generative Adversarial Networks for Commonsense Machine Comprehension.},
  author={Wang, Bingning and Liu, Kang and Zhao, Jun},
  booktitle={IJCAI},
  pages={4123--4129},
  year={2017}
}

@inproceedings{roemmele2017rnn,
  title={An rnn-based binary classifier for the story cloze test},
  author={Roemmele, Melissa and Kobayashi, Sosuke and Inoue, Naoya and Gordon, Andrew},
  booktitle={LSDSem},
  pages={74--80},
  year={2017}
}

@article{chen2018incorporating,
  author    = {Jiaao Chen and
               Jianshu Chen and
               Zhou Yu},
  title     = {Incorporating Structured Commonsense Knowledge in Story Completion},
  journal   = {CoRR},
  volume    = {abs/1811.00625},
  year      = {2018}
}

@inproceedings{speer2017conceptnet,
  title={Conceptnet 5.5: An open multilingual graph of general knowledge},
  author={Speer, Robert and Chin, Joshua and Havasi, Catherine},
  booktitle={AAAI},
  year={2017}
}

@article{peng2016two,
  title={Two discourse driven language models for semantics},
  author={Peng, Haoruo and Roth, Dan},
  journal={arXiv preprint arXiv:1606.05679},
  year={2016}
}

@article{loper2002nltk,
  title={NLTK: the natural language toolkit},
  author={Loper, Edward and Bird, Steven},
  journal={arXiv preprint cs/0205028},
  year={2002}
}

@inproceedings{mihaylov2017story,
  title={Story Cloze Ending Selection Baselines and Data Examination},
  author={Mihaylov, Todor and Frank, Anette},
  booktitle={LSDSem},
  pages={87--92},
  year={2017}
}

@article{mihaylov2018knowledgeable,
  title={Knowledgeable reader: Enhancing cloze-style reading comprehension with external commonsense knowledge},
  author={Mihaylov, Todor and Frank, Anette},
  journal={arXiv preprint arXiv:1805.07858},
  year={2018}
}

@inproceedings{liu2018knowledge,
  title={Knowledge diffusion for neural dialogue generation},
  author={Liu, Shuman and Chen, Hongshen and Ren, Zhaochun and Feng, Yang and Liu, Qun and Yin, Dawei},
  booktitle={ACL},
  pages={1489--1498},
  year={2018}
}

@article{zhou2019story,
author = {Zhou, Mantong and Huang, Minlie and Zhu, Xiaoyan},
year = {2019},
month = {01},
pages = {1-1},
title = {Story Ending Selection by Finding Hints from Pairwise Candidate Endings},
volume = {PP},
journal = {IEEE/ACM Transactions on Audio, Speech, and Language Processing},
doi = {10.1109/TASLP.2019.2893499}
}

@inproceedings{kiros2015skip,
  title={Skip-thought vectors},
  author={Kiros, Ryan and Zhu, Yukun and Salakhutdinov, Ruslan R and Zemel, Richard and Urtasun, Raquel and Torralba, Antonio and Fidler, Sanja},
  booktitle={NIPS},
  pages={3294--3302},
  year={2015}
}

@article{rajpurkar2018know,
  title={Know What You Don't Know: Unanswerable Questions for SQuAD},
  author={Rajpurkar, Pranav and Jia, Robin and Liang, Percy},
  journal={arXiv preprint arXiv:1806.03822},
  year={2018}
}

@inproceedings{hermann2015teaching,
  title={Teaching machines to read and comprehend},
  author={Hermann, Karl Moritz and Kocisky, Tomas and Grefenstette, Edward and Espeholt, Lasse and Kay, Will and Suleyman, Mustafa and Blunsom, Phil},
  booktitle={NIPS},
  pages={1693--1701},
  year={2015}
}

@inproceedings{schwartz2017story,
  title={Story cloze task: Uw nlp system},
  author={Schwartz, Roy and Sap, Maarten and Konstas, Ioannis and Zilles, Leila and Choi, Yejin and Smith, Noah A},
  booktitle={LSDSem},
  pages={52--55},
  year={2017}
}

@inproceedings{chaturvedi2017story,
  title={Story comprehension for predicting what happens next},
  author={Chaturvedi, Snigdha and Peng, Haoruo and Roth, Dan},
  booktitle={EMNLP},
  pages={1603--1614},
  year={2017}
}


@inproceedings{manning2014stanford,
  title={The Stanford CoreNLP natural language processing toolkit},
  author={Manning, Christopher and Surdeanu, Mihai and Bauer, John and Finkel, Jenny and Bethard, Steven and McClosky, David},
  booktitle={ACL},
  pages={55--60},
  year={2014}
}

@inproceedings{sharma2018tackling,
  author    = {Rishi Sharma and
               James Allen and
               Omid Bakhshandeh and
               Nasrin Mostafazadeh},
  title     = {Tackling the Story Ending Biases in The Story Cloze Test},
  booktitle = {ACL},
  year      = {2018},
 }
@inproceedings{srinivasan2018simple,
  author    = {Siddarth Srinivasan and
               Richa Arora and
               Mark Riedl},
  title     = {A Simple and Effective Approach to the Story Cloze Test},
  booktitle = {ACL},
  year      = {2018},
}

@techreport{radford2018improving,
  title={Improving language understanding with unsupervised learning},
  author={Radford, Alec and Narasimhan, Karthik and Salimans, Time and Sutskever, Ilya},
  year={2018},
  institution={Technical report, OpenAI}
}

@inproceedings{li2018multi,
  author    = {Qian Li and
               Ziwei Li and
               Jin{-}Mao Wei and
               Yanhui Gu and
               Adam Jatowt and
               Zhenglu Yang},
  title     = {A Multi-Attention based Neural Network with External Knowledge for
               Story Ending Predicting Task},
  booktitle = {COLING},
  year      = {2018}
  }

@inproceedings{huang2013learning,
  title={Learning deep structured semantic models for web search using clickthrough data},
  author={Huang, Po-Sen and He, Xiaodong and Gao, Jianfeng and Deng, Li and Acero, Alex and Heck, Larry},
  booktitle={CIKM},
  pages={2333--2338},
  year={2013},
}

@inproceedings{mikolov2013distributed,
  title={Distributed representations of words and phrases and their compositionality},
  author={Mikolov, Tomas and Sutskever, Ilya and Chen, Kai and Corrado, Greg S and Dean, Jeff},
  booktitle={NIPS},
  pages={3111--3119},
  year={2013}
}

@article{guan2018story,
  title={Story ending generation with incremental encoding and commonsense knowledge},
  author={Guan, Jian and Wang, Yansen and Huang, Minlie},
  journal={arXiv preprint arXiv:1808.10113},
  year={2018}
}



@inproceedings{event,
  author    = {Hongyu Lin and
               Le Sun and
               Xianpei Han},
  title     = {Reasoning with Heterogeneous Knowledge for Commonsense Machine Comprehension},
  booktitle = {EMNLP},
  year      = {2017},
}
