@inproceedings{girju2003automatic,
  title={Automatic detection of causal relations for question answering},
  author={Girju, Roxana},
  booktitle={Proceedings of the ACL 2003 workshop on Multilingual summarization and question answering},
  pages={76--83},
  year={2003},
  organization={Association for Computational Linguistics}
}

@article{chang2006incremental,
  title={Incremental cue phrase learning and bootstrapping method for causality extraction using cue phrase and word pair probabilities},
  author={Chang, Du-Seong and Choi, Key-Sun},
  journal={Information processing \& management},
  volume={42},
  number={3},
  pages={662--678},
  year={2006},
  publisher={Elsevier}
}

@inproceedings{blanco2008causal,
  title={Causal Relation Extraction.},
  author={Blanco, Eduardo and Castell, Nuria and Moldovan, Dan I},
  booktitle={LREC},
  year={2008}
}

@inproceedings{do2011minimally,
  title={Minimally supervised event causality identification},
  author={Do, Quang Xuan and Chan, Yee Seng and Roth, Dan},
  booktitle={Proceedings of the Conference on Empirical Methods in Natural Language Processing},
  pages={294--303},
  year={2011},
  organization={Association for Computational Linguistics}
}

@inproceedings{fader2011identifying,
  title={Identifying relations for open information extraction},
  author={Fader, Anthony and Soderland, Stephen and Etzioni, Oren},
  booktitle={Proceedings of the Conference on Empirical Methods in Natural Language Processing},
  pages={1535--1545},
  year={2011},
  organization={Association for Computational Linguistics}
}

@inproceedings{GirjuM02,
  author    = {Roxana Girju and
               Dan I. Moldovan},
  title     = {Text Mining for Causal Relations},
  booktitle = {FLAIRS Conference},
  year      = {2002},
  pages     = {360-364}
}

@article{KirkpatrickGV83,
  author    = {Scott Kirkpatrick and
               D. Gelatt Jr. and
               Mario P. Vecchi},
  title     = {Optimization by Simmulated Annealing},
  journal   = {Science},
  volume    = {220},
  number    = {4598},
  year      = {1983},
  pages     = {671-680}
}

@book{witten2005data,
  title={Data Mining: Practical machine learning tools and techniques},
  author={Witten, Ian H and Frank, Eibe},
  year={2005},
  publisher={Morgan Kaufmann}
}
