@inproceedings{sogaard2016deep,
  title={Deep multi-task learning with low level tasks supervised at lower layers},
  author={S{\o}gaard, Anders and Goldberg, Yoav},
  booktitle={Proceedings of the 54th Annual Meeting of the Association for Computational Linguistics},
  volume={2},
  pages={231--235},
  year={2016}
}

@article{mesnil2015using,
	title={Using recurrent neural networks for slot filling in spoken language understanding},
	author={Mesnil, Gr{\'e}goire and Dauphin, Yann and Yao, Kaisheng and Bengio, Yoshua and Deng, Li and Hakkani-Tur, Dilek and He, Xiaodong and Heck, Larry and Tur, Gokhan and Yu, Dong and others},
	journal={IEEE/ACM Transactions on Audio, Speech and Language Processing (TASLP)},
	volume={23},
	number={3},
	pages={530--539},
	year={2015},
	publisher={IEEE Press}
}

@inproceedings{raymond2007generative,
	title={Generative and discriminative algorithms for spoken language understanding},
	author={Raymond, Christian and Riccardi, Giuseppe},
	booktitle={Eighth Annual Conference of the International Speech Communication Association},
	year={2007}
}

@inproceedings{yao2014spoken,
	title={Spoken language understanding using long short-term memory neural networks},
	author={Yao, Kaisheng and Peng, Baolin and Zhang, Yu and Yu, Dong and Zweig, Geoffrey and Shi, Yangyang},
	booktitle={Spoken Language Technology Workshop (SLT), 2014 IEEE},
	pages={189--194},
	year={2014},
	organization={IEEE}
}

@article{huang2015bidirectional,
	title={Bidirectional LSTM-CRF models for sequence tagging},
	author={Huang, Zhiheng and Xu, Wei and Yu, Kai},
	journal={arXiv preprint arXiv:1508.01991},
	year={2015}
}

@article{reimers2017optimal,
	title={Optimal Hyperparameters for Deep LSTM-Networks for Sequence Labeling Tasks},
	author={Reimers, Nils and Gurevych, Iryna},
	journal={arXiv preprint arXiv:1707.06799},
	year={2017}
}

@inProceedings{hakanni-tur2016multidomain,
	author    = {Hakkani-T\"{u}r, Dilek and Tur, Gokhan and Celikyilmaz, Asli and Chen, Yun-Nung and Gao, Jianfeng and Deng, Li and Wang, Ye-Yi},
	title	    = {Multi-Domain Joint Semantic Frame Parsing using Bi-directional RNN-LSTM},
	booktitle = {Proceedings of The 17th Annual Meeting of the International Speech Communication Association (INTERSPEECH)},
	year	    = {2016},
	address   = {San Francisco, CA},
	organization = {ISCA}
}