

 @misc{proceedings,
  author = {{IJCAI Proceedings}},
  title = {{IJCAI} Camera Ready Submission},
  howpublished = {\url{https://proceedings.ijcai.org/info}},
}

@article{kumar2019paraqg,
  title={ParaQG: A System for Generating Questions and Answers from Paragraphs},
  author={Kumar, Vishwajeet and Muneeswaran, Sivaanandh and Ramakrishnan, Ganesh and Li, Yuan-Fang},
  journal={arXiv preprint arXiv:1909.01642},
  year={2019}
}

@article{subramanian2017neural,
  title={Neural models for key phrase detection and question generation},
  author={Subramanian, Sandeep and Wang, Tong and Yuan, Xingdi and Zhang, Saizheng and Bengio, Yoshua and Trischler, Adam},
  journal={arXiv preprint arXiv:1706.04560},
  year={2017}
}

@article{rajpurkar2016squad,
  title={Squad: 100,000+ questions for machine comprehension of text},
  author={Rajpurkar, Pranav and Zhang, Jian and Lopyrev, Konstantin and Liang, Percy},
  journal={arXiv preprint arXiv:1606.05250},
  year={2016}
}

@article{rajpurkar2018know,
  title={Know What You Don't Know: Unanswerable Questions for SQuAD},
  author={Rajpurkar, Pranav and Jia, Robin and Liang, Percy},
  journal={arXiv preprint arXiv:1806.03822},
  year={2018}
}

@article{trischler2016newsqa,
  title={Newsqa: A machine comprehension dataset},
  author={Trischler, Adam and Wang, Tong and Yuan, Xingdi and Harris, Justin and Sordoni, Alessandro and Bachman, Philip and Suleman, Kaheer},
  journal={arXiv preprint arXiv:1611.09830},
  year={2016}
}
@article{nguyen2016ms,
  title={MS MARCO: A Human-Generated MAchine Reading COmprehension Dataset},
  author={Nguyen, Tri and Rosenberg, Mir and Song, Xia and Gao, Jianfeng and Tiwary, Saurabh and Majumder, Rangan and Deng, Li},
  year={2016}
}


@article{DBLP:journals/corr/abs-1906-02622,
  author    = {Kalpesh Krishna and
               Mohit Iyyer},
  title     = {Generating Question-Answer Hierarchies},
  journal   = {CoRR},
  volume    = {abs/1906.02622},
  year      = {2019},
  url       = {http://arxiv.org/abs/1906.02622},
  archivePrefix = {arXiv},
  eprint    = {1906.02622},
  timestamp = {Thu, 13 Jun 2019 13:36:00 +0200},
  biburl    = {https://dblp.org/rec/bib/journals/corr/abs-1906-02622},
  bibsource = {dblp computer science bibliography, https://dblp.org}
}

@incollection{witten2005kea,
  title={Kea: Practical automated keyphrase extraction},
  author={Witten, Ian H and Paynter, Gordon W and Frank, Eibe and Gutwin, Carl and Nevill-Manning, Craig G},
  booktitle={Design and Usability of Digital Libraries: Case Studies in the Asia Pacific},
  pages={129--152},
  year={2005},
  publisher={IGI Global}
}
@inproceedings{liu2011automatic,
  title={Automatic keyphrase extraction by bridging vocabulary gap},
  author={Liu, Zhiyuan and Chen, Xinxiong and Zheng, Yabin and Sun, Maosong},
  booktitle={Proceedings of the Fifteenth Conference on Computational Natural Language Learning},
  pages={135--144},
  year={2011},
  organization={Association for Computational Linguistics}
}
@inproceedings{wang2016ptr,
  title={Ptr: Phrase-based topical ranking for automatic keyphrase extraction in scientific publications},
  author={Wang, Minmei and Zhao, Bo and Huang, Yihua},
  booktitle={International Conference on Neural Information Processing},
  pages={120--128},
  year={2016},
  organization={Springer}
}

@article{meng2017deep,
  title={Deep keyphrase generation},
  author={Meng, Rui and Zhao, Sanqiang and Han, Shuguang and He, Daqing and Brusilovsky, Peter and Chi, Yu},
  journal={arXiv preprint arXiv:1704.06879},
  year={2017}
}
\\
@article{chen2018keyphrase,
  title={Keyphrase generation with correlation constraints},
  author={Chen, Jun and Zhang, Xiaoming and Wu, Yu and Yan, Zhao and Li, Zhoujun},
  journal={arXiv preprint arXiv:1808.07185},
  year={2018}
}
@article{ye2018semi,
  title={Semi-supervised learning for neural keyphrase generation},
  author={Ye, Hai and Wang, Lu},
  journal={arXiv preprint arXiv:1808.06773},
  year={2018}
}

@inproceedings{heilman2010good,
  title={Good question! statistical ranking for question generation},
  author={Heilman, Michael and Smith, Noah A},
  booktitle={Human Language Technologies: The 2010 Annual Conference of the North American Chapter of the Association for Computational Linguistics},
  pages={609--617},
  year={2010},
  organization={Association for Computational Linguistics}
}

@article{chali2015towards,
  title={Towards topic-to-question generation},
  author={Chali, Yllias and Hasan, Sadid A},
  journal={Computational Linguistics},
  volume={41},
  number={1},
  pages={1--20},
  year={2015},
  publisher={MIT Press}
}

@article{du2017learning,
  title={Learning to ask: Neural question generation for reading comprehension},
  author={Du, Xinya and Shao, Junru and Cardie, Claire},
  journal={arXiv preprint arXiv:1705.00106},
  year={2017}
}

@inproceedings{zhou2017neural,
  title={Neural question generation from text: A preliminary study},
  author={Zhou, Qingyu and Yang, Nan and Wei, Furu and Tan, Chuanqi and Bao, Hangbo and Zhou, Ming},
  booktitle={National CCF Conference on Natural Language Processing and Chinese Computing},
  pages={662--671},
  year={2017},
  organization={Springer}
}
@article{song2019mass,
  title={Mass: Masked sequence to sequence pre-training for language generation},
  author={Song, Kaitao and Tan, Xu and Qin, Tao and Lu, Jianfeng and Liu, Tie-Yan},
  journal={arXiv preprint arXiv:1905.02450},
  year={2019}
}
@article{dong2019unified,
  title={Unified Language Model Pre-training for Natural Language Understanding and Generation},
  author={Dong, Li and Yang, Nan and Wang, Wenhui and Wei, Furu and Liu, Xiaodong and Wang, Yu and Gao, Jianfeng and Zhou, Ming and Hon, Hsiao-Wuen},
  journal={arXiv preprint arXiv:1905.03197},
  year={2019}
}

@article{lample2016neural,
  title={Neural architectures for named entity recognition},
  author={Lample, Guillaume and Ballesteros, Miguel and Subramanian, Sandeep and Kawakami, Kazuya and Dyer, Chris},
  journal={arXiv preprint arXiv:1603.01360},
  year={2016}
}

@article{devlin2018bert,
  title={Bert: Pre-training of deep bidirectional transformers for language understanding},
  author={Devlin, Jacob and Chang, Ming-Wei and Lee, Kenton and Toutanova, Kristina},
  journal={arXiv preprint arXiv:1810.04805},
  year={2018}
}

@article{lan2019albert,
  title={Albert: A lite bert for self-supervised learning of language representations},
  author={Lan, Zhenzhong and Chen, Mingda and Goodman, Sebastian and Gimpel, Kevin and Sharma, Piyush and Soricut, Radu},
  journal={arXiv preprint arXiv:1909.11942},
  year={2019}
}

@article{eriguchi2016tree,
  title={Tree-to-sequence attentional neural machine translation},
  author={Eriguchi, Akiko and Hashimoto, Kazuma and Tsuruoka, Yoshimasa},
  journal={arXiv preprint arXiv:1603.06075},
  year={2016}
}

@ARTICLE{2019arXivGenerating,
       author = {{Krishna}, Kalpesh and {Iyyer}, Mohit},
        title = "{Generating Question-Answer Hierarchies}",
     	 journal = {arXiv e-prints},
    	 keywords = {Computer Science - Computation and Language},
         year = "2019",
        month = "Jun",
          eid = {arXiv:1906.02622},
        pages = {arXiv:1906.02622},
		archivePrefix = {arXiv},
		 primaryClass = {cs.CL},
       adsurl = {https://ui.adsabs.harvard.edu/abs/2019arXiv190602622K}
}

@unknown{lovenia2018automatic,
author = {Lovenia, Holy and Limanta, Felix and Gunawan, Agus},
year = {2018},
month = {11},
pages = {},
title = {Automatic Question-Answer Pairs Generation from Text},
doi = {10.13140/RG.2.2.33776.92162}
}

@article{wang2017joint,
  title={A joint model for question answering and question generation},
  author={Wang, Tong and Yuan, Xingdi and Trischler, Adam},
  journal={arXiv preprint arXiv:1706.01450},
  year={2017}
}

@article{robertson2009probabilistic,
  title={The probabilistic relevance framework: BM25 and beyond},
  author={Robertson, Stephen and Zaragoza, Hugo and others},
  journal={Foundations and Trends{\textregistered} in Information Retrieval},
  volume={3},
  number={4},
  pages={333--389},
  year={2009},
  publisher={Now Publishers, Inc.}
}

@inproceedings{guo2016deep,
  title={A deep relevance matching model for ad-hoc retrieval},
  author={Guo, Jiafeng and Fan, Yixing and Ai, Qingyao and Croft, W Bruce},
  booktitle={Proceedings of the 25th ACM International on Conference on Information and Knowledge Management},
  pages={55--64},
  year={2016},
  organization={ACM}
}

@inproceedings{xiong2017end,
  title={End-to-end neural ad-hoc ranking with kernel pooling},
  author={Xiong, Chenyan and Dai, Zhuyun and Callan, Jamie and Liu, Zhiyuan and Power, Russell},
  booktitle={Proceedings of the 40th International ACM SIGIR conference on research and development in information retrieval},
  pages={55--64},
  year={2017},
  organization={ACM}
}

@inproceedings{hui2018co,
  title={Co-PACRR: A context-aware neural IR model for ad-hoc retrieval},
  author={Hui, Kai and Yates, Andrew and Berberich, Klaus and De Melo, Gerard},
  booktitle={Proceedings of the eleventh ACM international conference on web search and data mining},
  pages={279--287},
  year={2018},
  organization={ACM}
}

@inproceedings{mitra2017learning,
  title={Learning to match using local and distributed representations of text for web search},
  author={Mitra, Bhaskar and Diaz, Fernando and Craswell, Nick},
  booktitle={Proceedings of the 26th International Conference on World Wide Web},
  pages={1291--1299},
  year={2017},
  organization={International World Wide Web Conferences Steering Committee}
}

@article{nogueira2019passage,
  title={Passage Re-ranking with BERT},
  author={Nogueira, Rodrigo and Cho, Kyunghyun},
  journal={arXiv preprint arXiv:1901.04085},
  year={2019}
}

@article{qiao2019understanding,
  title={Understanding the Behaviors of BERT in Ranking},
  author={Qiao, Yifan and Xiong, Chenyan and Liu, Zhenghao and Liu, Zhiyuan},
  journal={arXiv preprint arXiv:1904.07531},
  year={2019}
}

@inproceedings{vaswani2017attention,
  title={Attention is all you need},
  author={Vaswani, Ashish and Shazeer, Noam and Parmar, Niki and Uszkoreit, Jakob and Jones, Llion and Gomez, Aidan N and Kaiser, {\L}ukasz and Polosukhin, Illia},
  booktitle={Advances in neural information processing systems},
  pages={5998--6008},
  year={2017}
}

@inproceedings{zhao2018paragraph,
  title={Paragraph-level neural question generation with maxout pointer and gated self-attention networks},
  author={Zhao, Yao and Ni, Xiaochuan and Ding, Yuanyuan and Ke, Qifa},
  booktitle={Proceedings of the 2018 Conference on Empirical Methods in Natural Language Processing},
  pages={3901--3910},
  year={2018}
}

@article{sharma2017relevance,
  title={Relevance of unsupervised metrics in task-oriented dialogue for evaluating natural language generation},
  author={Sharma, Shikhar and Asri, Layla El and Schulz, Hannes and Zumer, Jeremie},
  journal={arXiv preprint arXiv:1706.09799},
  year={2017}
}