% Use this file for citations not found in the ACL Anthology (contained in "anthology.bib").

@book{Aho:72,
    author  = {Alfred V. Aho and Jeffrey D. Ullman},
    title   = {The Theory of Parsing, Translation and Compiling},
    year    = "1972",
    volume  = "1",
    publisher = {Prentice-Hall},
    address = {Englewood Cliffs, NJ}
}

@book{APA:83,
    author  = {{American Psychological Association}},
    title   = {Publications Manual},
    year    = "1983",
    publisher = {American Psychological Association},
    address = {Washington, DC}
}

@article{Chandra:81,
	author = {Ashok K. Chandra and Dexter C. Kozen and Larry J. Stockmeyer},
	year = "1981",
	title = {Alternation},
	journal = {Journal of the Association for Computing Machinery},
	volume = "28",
	number = "1",
	pages = "114--133",
	doi = "10.1145/322234.322243",
}

@inproceedings{chen-etal-2023-detection,
    title = "Detection of Multiple Mental Disorders from Social Media with Two-Stream Psychiatric Experts",
    author = "Chen, Siyuan  and
      Zhang, Zhiling  and
      Wu, Mengyue  and
      Zhu, Kenny",
    editor = "Bouamor, Houda  and
      Pino, Juan  and
      Bali, Kalika",
    booktitle = "Proceedings of the 2023 Conference on Empirical Methods in Natural Language Processing",
    month = dec,
    year = "2023",
    address = "Singapore",
    publisher = "Association for Computational Linguistics",
    url = "https://aclanthology.org/2023.emnlp-main.562",
    pages = "9071--9084"
}

@inproceedings{andrew2007scalable,
  title={Scalable training of {L1}-regularized log-linear models},
  author={Andrew, Galen and Gao, Jianfeng},
  booktitle={Proceedings of the 24th International Conference on Machine Learning},
  pages={33--40},
  year={2007},
}

@book{Gusfield:97,
    author  = {Dan Gusfield},
    title   = {Algorithms on Strings, Trees and Sequences},
    year    = "1997",
    publisher = {Cambridge University Press},
    address = {Cambridge, UK}
}

@article{Noone2017stress,
author = {Noone, Peter},
year = {2017},
month = {10},
pages = {},
title = {The Holmes–Rahe Stress Inventory},
volume = {67},
journal = {Occupational Medicine},
doi = {10.1093/occmed/kqx099}
}

@article{Radell2021Abuse,
author = {Radell, Milen and Abo Hamza, Eid and Daghustani, Wid and Perveen, Asma and Moustafa, Ahmed},
year = {2021},
month = {04},
pages = {1-12},
title = {The Impact of Different Types of Abuse on Depression},
volume = {2021},
journal = {Depression Research and Treatment},
doi = {10.1155/2021/6654503}
}

@article{Ruengorn2021Association,
author = {Ruengorn, Chidchanok and Awiphan, Ratanaporn and Wongpakaran, Nahathai and Wongpakaran, Tinakon and Nochaiwong, Surapon and { for the Health Outcomes and Mental Health Care Evaluation Survey Research Group (HOME-Survey) }},
title = {Association of job loss, income loss, and financial burden with adverse mental health outcomes during coronavirus disease 2019 pandemic in Thailand: A nationwide cross-sectional study},
journal = {Depression and Anxiety},
volume = {38},
number = {6},
pages = {648-660},
keywords = {COVID-19, economic burden, financial problems, income loss, job loss, mental health},
doi = {https://doi.org/10.1002/da.23155},
url = {https://onlinelibrary.wiley.com/doi/abs/10.1002/da.23155},
eprint = {https://onlinelibrary.wiley.com/doi/pdf/10.1002/da.23155},
year = {2021}
}

@inproceedings{nguyen-etal-2022-improving,
    title = "Improving the Generalizability of Depression Detection by Leveraging Clinical Questionnaires",
    author = "Nguyen, Thong  and
      Yates, Andrew  and
      Zirikly, Ayah  and
      Desmet, Bart  and
      Cohan, Arman",
    editor = "Muresan, Smaranda  and
      Nakov, Preslav  and
      Villavicencio, Aline",
    booktitle = "Proceedings of the 60th Annual Meeting of the Association for Computational Linguistics (Volume 1: Long Papers)",
    month = may,
    year = "2022",
    address = "Dublin, Ireland",
    publisher = "Association for Computational Linguistics",
    url = "https://aclanthology.org/2022.acl-long.578",
    doi = "10.18653/v1/2022.acl-long.578",
    pages = "8446--8459",
}

@article{Gulistan2021Signal,
author = {Gulistan Agirman  and Kristie B. Yu  and Elaine Y. Hsiao },
title = {Signaling inflammation across the gut-brain axis},
journal = {Science},
volume = {374},
number = {6571},
pages = {1087-1092},
year = {2021},
doi = {10.1126/science.abi6087},
URL = {https://www.science.org/doi/abs/10.1126/science.abi6087},
eprint = {https://www.science.org/doi/pdf/10.1126/science.abi6087},
}

@article{Anish2023Mental,
author = {Anish Shah  and Viola Vaccarino  and Yi-An Ko  and Zakaria Almuwaqqat  and Mariana Garcia  and Kasra Moazzami  and Maggie Wang  and Oleksiy Levantsevych  and an young  and Laura Ward  and Jonathon Nye  and Paolo Raggi  and David S. Sheps  and Rachel J. Lampert  and Doug Bremner  and Yan Sun  and Ernest V. Garcia  and Arshed A. Quyyumi  and Amit J. Shah },
title = {MENTAL STRESS-INDUCED AUTONOMIC DYSFUNCTION IS ASSOCIATED WITH CARDIOVASCULAR MORTALITY},
journal = {Journal of the American College of Cardiology},
volume = {81},
number = {8\_Supplement},
pages = {1146-1146},
year = {2023},
doi = {10.1016/S0735-1097(23)01590-5},
URL = {https://www.jacc.org/doi/abs/10.1016/S0735-1097%2823%2901590-5},
eprint = {https://www.jacc.org/doi/pdf/10.1016/S0735-1097%2823%2901590-5}

}

@article{rasooli-tetrault-2015,
    author    = {Mohammad Sadegh Rasooli and Joel R. Tetreault},
    title     = {Yara Parser: {A} Fast and Accurate Dependency Parser},
    journal   = {Computing Research Repository},
    volume    = {arXiv:1503.06733},
    year      = {2015},
    url       = {http://arxiv.org/abs/1503.06733},
    note    = {version 2}
}

@article{Ando2005,
	Acmid = {1194905},
	Author = {Ando, Rie Kubota and Zhang, Tong},
	Issn = {1532-4435},
	Issue_Date = {12/1/2005},
	Journal = {Journal of Machine Learning Research},
	Month = dec,
	Numpages = {37},
	Pages = {1817--1853},
	Publisher = {JMLR.org},
	Title = {A Framework for Learning Predictive Structures from Multiple Tasks and Unlabeled Data},
	Volume = {6},
	Year = {2005}
}

@article{borsboom2013network,
  title={Network analysis: an integrative approach to the structure of psychopathology},
  author={Borsboom, Denny and Cramer, Ang{\'e}lique OJ},
  journal={Annual review of clinical psychology},
  volume={9},
  pages={91--121},
  year={2013},
  publisher={Annual Reviews}
}

@article{beard2016network,
  title={Network analysis of depression and anxiety symptom relationships in a psychiatric sample},
  author={Beard, Courtney and Millner, Alex J and Forgeard, Marie JC and Fried, Eiko I and Hsu, Kean J and Treadway, Michael T and Leonard, Chelsea V and Kertz, SJ and Bj{\"o}rgvinsson, Thr{\"o}stur},
  journal={Psychological medicine},
  volume={46},
  number={16},
  pages={3359--3369},
  year={2016},
  publisher={Cambridge University Press}
}

@article{epskamp2018estimating,
  title={Estimating psychological networks and their accuracy: A tutorial paper},
  author={Epskamp, Sacha and Borsboom, Denny and Fried, Eiko I},
  journal={Behavior research methods},
  volume={50},
  pages={195--212},
  year={2018},
  publisher={Springer}
}

@inproceedings{de2013predicting,
  title={Predicting depression via social media},
  author={De Choudhury, Munmun and Gamon, Michael and Counts, Scott and Horvitz, Eric},
  booktitle={Proceedings of the international AAAI conference on web and social media},
  volume={7},
  number={1},
  pages={128--137},
  year={2013}
}

@inproceedings{Saxena2023Explainable,
author = {Saxena, Chandni and Garg, Muskan and Ansari, Gunjan},
title = {Explainable Causal Analysis of Mental Health on Social Media Data},
year = {2023},
isbn = {978-3-031-30107-0},
publisher = {Springer-Verlag},
address = {Berlin, Heidelberg},
url = {https://doi.org/10.1007/978-3-031-30108-7_15},
doi = {10.1007/978-3-031-30108-7_15},
booktitle = {Neural Information Processing: 29th International Conference, ICONIP 2022, Virtual Event, November 22–26, 2022, Proceedings, Part II},
pages = {172–183},
numpages = {12},
location = {New Delhi, India}
}

@article{Feder2022Causal,
    author = {Feder, Amir and Keith, Katherine A. and Manzoor, Emaad and Pryzant, Reid and Sridhar, Dhanya and Wood-Doughty, Zach and Eisenstein, Jacob and Grimmer, Justin and Reichart, Roi and Roberts, Margaret E. and Stewart, Brandon M. and Veitch, Victor and Yang, Diyi},
    title = "{Causal Inference in Natural Language Processing: Estimation, Prediction, Interpretation and Beyond}",
    journal = {Transactions of the Association for Computational Linguistics},
    volume = {10},
    pages = {1138-1158},
    year = {2022},
    month = {10},
    issn = {2307-387X},
    doi = {10.1162/tacl_a_00511},
    url = {https://doi.org/10.1162/tacl\_a\_00511},
    eprint = {https://direct.mit.edu/tacl/article-pdf/doi/10.1162/tacl\_a\_00511/2054690/tacl\_a\_00511.pdf},
}

@book{imbens_rubin_2015, 
    place={Cambridge}, 
    title={Causal Inference for Statistics, Social, and Biomedical Sciences: An Introduction}, 
    DOI={10.1017/CBO9781139025751}, 
    publisher={Cambridge University Press}, 
    author={Imbens, Guido W. and Rubin, Donald B.}, 
    year={2015}
}

@inproceedings{macavaney-etal-2018-rsdd,
    title = "{RSDD}-Time: Temporal Annotation of Self-Reported Mental Health Diagnoses",
    author = "MacAvaney, Sean  and
      Desmet, Bart  and
      Cohan, Arman  and
      Soldaini, Luca  and
      Yates, Andrew  and
      Zirikly, Ayah  and
      Goharian, Nazli",
    editor = "Loveys, Kate  and
      Niederhoffer, Kate  and
      Prud{'}hommeaux, Emily  and
      Resnik, Rebecca  and
      Resnik, Philip",
    booktitle = "Proceedings of the Fifth Workshop on Computational Linguistics and Clinical Psychology: From Keyboard to Clinic",
    month = jun,
    year = "2018",
    address = "New Orleans, LA",
    publisher = "Association for Computational Linguistics",
    url = "https://aclanthology.org/W18-0618",
    doi = "10.18653/v1/W18-0618",
    pages = "168--173"
}

@inproceedings{yates-etal-2017-depression,
    title = "Depression and Self-Harm Risk Assessment in Online Forums",
    author = "Yates, Andrew  and
      Cohan, Arman  and
      Goharian, Nazli",
    editor = "Palmer, Martha  and
      Hwa, Rebecca  and
      Riedel, Sebastian",
    booktitle = "Proceedings of the 2017 Conference on Empirical Methods in Natural Language Processing",
    month = sep,
    year = "2017",
    address = "Copenhagen, Denmark",
    publisher = "Association for Computational Linguistics",
    url = "https://aclanthology.org/D17-1322",
    doi = "10.18653/v1/D17-1322",
    pages = "2968--2978",
}

@inproceedings{cohan2018smhd,
  title={{SMHD}: a Large-Scale Resource for Exploring Online Language Usage for Multiple Mental Health Conditions},
  author={Cohan, Arman and Desmet, Bart and Yates, Andrew and Soldaini, Luca and MacAvaney, Sean and Goharian, Nazli},
  booktitle={Proceedings of the 27th International Conference on Computational Linguistics},
  pages={1485--1497},
  year={2018},
  address = "Santa Fe, New Mexico, USA",
publisher = "Association for Computational Linguistics",
url = "https://aclanthology.org/C18-1126",
pages = "1485--1497",
}

@article{Dreisbach2019systematic,
title = {A systematic review of natural language processing and text mining of symptoms from electronic patient-authored text data},
journal = {International Journal of Medical Informatics},
volume = {125},
pages = {37-46},
year = {2019},
author = {Caitlin Dreisbach and Theresa A. Koleck and Philip E. Bourne and Suzanne Bakken},
issn = {1386-5056},
doi = {https://doi.org/10.1016/j.ijmedinf.2019.02.008},
url = {https://www.sciencedirect.com/science/article/pii/S1386505618313789},
}

@article{Liu2013Change,
title = {Change-point detection in time-series data by relative density-ratio estimation},
journal = {Neural Networks},
volume = {43},
pages = {72-83},
year = {2013},
issn = {0893-6080},
doi = {https://doi.org/10.1016/j.neunet.2013.01.012},
url = {https://www.sciencedirect.com/science/article/pii/S0893608013000270},
author = {Song Liu and Makoto Yamada and Nigel Collier and Masashi Sugiyama},
keywords = {Change-point detection, Distribution comparison, Relative density-ratio estimation, Kernel methods, Time-series data},
}

@article{Truong2020SelectiveRO,
  title={Selective review of offline change point detection methods},
  author={Charles Truong and Laurent Oudre and Nicolas Vayatis},
  journal={Signal Process.},
  year={2020},
  volume={167},
  url={https://api.semanticscholar.org/CorpusID:232155578}
}

@inproceedings{zhang2022psychiatric,
  title     = {Psychiatric Scale Guided Risky Post Screening for Early Detection of Depression},
  author    = {Zhang, Zhiling and Chen, Siyuan and Wu, Mengyue and Zhu, Kenny Q.},
  booktitle = {Proceedings of the Thirty-First International Joint Conference on
               Artificial Intelligence, {IJCAI-22}},
  publisher = {International Joint Conferences on Artificial Intelligence Organization},
  editor    = {Lud De Raedt},
  pages     = {5220--5226},
  year      = {2022},
  month     = {7},
  note      = {AI for Good},
  doi       = {10.24963/ijcai.2022/725},
  url       = {https://doi.org/10.24963/ijcai.2022/725},
}

@inproceedings{Yuan2023Mental,
author = {Yuan, Yunhao and Saha, Koustuv and Keller, Barbara and Isomets\"{a}, Erkki Tapio and Aledavood, Talayeh},
title = {Mental Health Coping Stories on Social Media: A Causal-Inference Study of Papageno Effect},
year = {2023},
isbn = {9781450394161},
publisher = {Association for Computing Machinery},
address = {New York, NY, USA},
url = {https://doi.org/10.1145/3543507.3583350},
doi = {10.1145/3543507.3583350},
booktitle = {Proceedings of the ACM Web Conference 2023},
pages = {2677–2685},
numpages = {9},
keywords = {social media, Papageno effect, natural language, mental health, suicidal ideation, causal inference},
location = {Austin, TX, USA},
series = {WWW '23}
}

@article{Saha2019social, 
    title={A Social Media Study on the Effects of Psychiatric Medication Use}, volume={13}, url={https://ojs.aaai.org/index.php/ICWSM/article/view/3242}, DOI={10.1609/icwsm.v13i01.3242}, number={01}, journal={Proceedings of the International AAAI Conference on Web and Social Media}, author={Saha, Koustuv and Sugar, Benjamin and Torous, John and Abrahao, Bruno and Kıcıman, Emre and De Choudhury, Munmun}, year={2019}, month={Jul.}, pages={440-451} }

@inproceedings{Zhang2022SymptomIF,
  title     = {Symptom Identification for Interpretable Detection of Multiple Mental Disorders on Social Media},
  author    = {Zhang, Zhiling and Chen, Siyuan and Wu, Mengyue and Zhu, Kenny Q.},
  booktitle = {Proceedings of the 2022 Conference on Empirical Methods in Natural Language Processing},
  publisher = {Association for Computational Linguistics},
  pages     = {9970–9985},
  year      = {2022},
  url       = {https://aclanthology.org/2022.emnlp-main.677},
}

@inproceedings{saravia2016midas,
  title={{MIDAS}: Mental illness detection and analysis via social media},
  author={Saravia, Elvis and Chang, Chun-Hao and De Lorenzo, Renaud Jollet and Chen, Yi-Shin},
  booktitle={2016 IEEE/ACM International Conference on Advances in Social Networks Analysis and Mining (ASONAM)},
  pages={1418--1421},
  year={2016},
  organization={IEEE}
}

@article{kim2020deep,
  title={A deep learning model for detecting mental illness from user content on social media},
  author={Kim, Jina and Lee, Jieon and Park, Eunil and Han, Jinyoung},
  journal={Scientific reports},
  volume={10},
  number={1},
  pages={11846},
  year={2020},
  publisher={Nature Publishing Group UK London}
}

@article{uban2021emotion,
  title={An emotion and cognitive based analysis of mental health disorders from social media data},
  author={Uban, Ana-Sabina and Chulvi, Berta and Rosso, Paolo},
  journal={Future Generation Computer Systems},
  volume={124},
  pages={480--494},
  year={2021},
  publisher={Elsevier}
}

@article{kelley2022using,
  title={Using language in social media posts to study the network dynamics of depression longitudinally},
  author={Kelley, Sean W and Gillan, Claire M},
  journal={Nature communications},
  volume={13},
  number={1},
  pages={870},
  year={2022},
  publisher={Nature Publishing Group UK London}
}

@article{garg2022cams,
  title={{CAMS}: an annotated corpus for causal analysis of mental health issues in social media posts},
  author={Garg, Muskan and Saxena, Chandni and Krishnan, Veena and Joshi, Ruchi and Saha, Sriparna and Mago, Vijay and Dorr, Bonnie J},
  journal={arXiv preprint arXiv:2207.04674},
  year={2022}
}

@article{garg2023nlp,
  title={NLP as a Lens for Causal Analysis and Perception Mining to Infer Mental Health on Social Media},
  author={Garg, Muskan and Saxena, Chandni and Naseem, Usman and Dorr, Bonnie J},
  journal={arXiv preprint arXiv:2301.11004},
  year={2023}
}

@article{Rosenbaum1983TheCR,
  title={The central role of the propensity score in observational studies for causal effects},
  author={Paul R. Rosenbaum and Donald B. Rubin},
  journal={Biometrika},
  year={1983},
  volume={70},
  pages={41-55},
  url={https://api.semanticscholar.org/CorpusID:49190930}
}

@article{chancellor2020methods,
  title={Methods in predictive techniques for mental health status on social media: a critical review},
  author={Chancellor, Stevie and De Choudhury, Munmun},
  journal={NPJ digital medicine},
  volume={3},
  number={1},
  pages={43},
  year={2020},
  publisher={Nature Publishing Group UK London}
}

@inproceedings{shen2017detecting,
  title={Detecting anxiety through reddit},
  author={Shen, Judy Hanwen and Rudzicz, Frank},
  booktitle={Proceedings of the Fourth Workshop on Computational Linguistics and Clinical Psychology—From Linguistic Signal to Clinical Reality},
  pages={58--65},
  year={2017}
}

@article{harandi2017correlation,
  title={The correlation of social support with mental health: A meta-analysis},
  author={Harandi, Tayebeh Fasihi and Taghinasab, Maryam Mohammad and Nayeri, Tayebeh Dehghan},
  journal={Electronic physician},
  volume={9},
  number={9},
  pages={5212},
  year={2017},
  publisher={The Electronic Physician}
}

@article{charles2013wear,
  title={The wear and tear of daily stressors on mental health},
  author={Charles, Susan T and Piazza, Jennifer R and Mogle, Jacqueline and Sliwinski, Martin J and Almeida, David M},
  journal={Psychological science},
  volume={24},
  number={5},
  pages={733--741},
  year={2013},
  publisher={Sage Publications Sage CA: Los Angeles, CA}
}

@article{hushchyn2021generalization,
  title={Generalization of change-point detection in time series data based on direct density ratio estimation},
  author={Hushchyn, Mikhail and Ustyuzhanin, Andrey},
  journal={Journal of Computational Science},
  volume={53},
  pages={101385},
  year={2021},
  publisher={Elsevier}
}

@inproceedings{ji-etal-2022-mentalbert,
    title = "{M}ental{BERT}: Publicly Available Pretrained Language Models for Mental Healthcare",
    author = "Ji, Shaoxiong  and
      Zhang, Tianlin  and
      Ansari, Luna  and
      Fu, Jie  and
      Tiwari, Prayag  and
      Cambria, Erik",
    editor = "Calzolari, Nicoletta  and
      B{\'e}chet, Fr{\'e}d{\'e}ric  and
      Blache, Philippe  and
      Choukri, Khalid  and
      Cieri, Christopher  and
      Declerck, Thierry  and
      Goggi, Sara  and
      Isahara, Hitoshi  and
      Maegaard, Bente  and
      Mariani, Joseph  and
      Mazo, H{\'e}l{\`e}ne  and
      Odijk, Jan  and
      Piperidis, Stelios",
    booktitle = "Proceedings of the Thirteenth Language Resources and Evaluation Conference",
    month = jun,
    year = "2022",
    address = "Marseille, France",
    publisher = "European Language Resources Association",
    url = "https://aclanthology.org/2022.lrec-1.778",
    pages = "7184--7190",
}

@article{halfin2007depression,
  title={Depression: the benefits of early and appropriate treatment},
  author={Halfin, Aron},
  journal={American Journal of Managed Care},
  volume={13},
  number={4},
  pages={S92},
  year={2007},
  publisher={MWC MEDICAL WORLD COMMUNNICATIONS, INC}
}

@article{picardi2016randomised,
  title={A randomised controlled trial of the effectiveness of a program for early detection and treatment of depression in primary care},
  author={Picardi, A and Lega, I and Tarsitani, L and Caredda, M and Matteucci, G and Zerella, MP and Miglio, R and Gigantesco, A and Cerbo, M and Gaddini, A and others},
  journal={Journal of affective disorders},
  volume={198},
  pages={96--101},
  year={2016},
  publisher={Elsevier}
}

@book{american2013diagnostic,
  title={Diagnostic and statistical manual of mental disorders: DSM-5},
  author={American Psychiatric Association, DSMTF and American Psychiatric Association and others},
  volume={5},
  number={5},
  year={2013},
  publisher={American psychiatric association Washington, DC}
}

@inproceedings{losada2016test,
  title={A test collection for research on depression and language use},
  author={Losada, David E and Crestani, Fabio},
  booktitle={International conference of the cross-language evaluation forum for European languages},
  pages={28--39},
  year={2016},
  organization={Springer}
}

@article{hannan2008randomized,
  title={Randomized clinical trials and observational studies: guidelines for assessing respective strengths and limitations},
  author={Hannan, Edward L},
  journal={JACC: Cardiovascular Interventions},
  volume={1},
  number={3},
  pages={211--217},
  year={2008},
  publisher={American College of Cardiology Foundation Washington, DC}
}

@article{cipriani2018comparative,
  title={Comparative efficacy and acceptability of 21 antidepressant drugs for the acute treatment of adults with major depressive disorder: a systematic review and network meta-analysis},
  author={Cipriani, Andrea and Furukawa, Toshi A and Salanti, Georgia and Chaimani, Anna and Atkinson, Lauren Z and Ogawa, Yusuke and Leucht, Stefan and Ruhe, Henricus G and Turner, Erick H and Higgins, Julian PT and others},
  journal={The Lancet},
  volume={391},
  number={10128},
  pages={1357--1366},
  year={2018},
  publisher={Elsevier}
}

@book{beck1996beck,
 author = {Beck, Aaron T and Steer, Robert A and Brown, Gregory K},
 publisher = {Pearson},
 title = {Beck depression inventory (BDI-II)},
 year = {1996}
}

@article{collingridge2010long,
  title={Long-term depression in the CNS},
  author={Collingridge, Graham L and Peineau, Stephane and Howland, John G and Wang, Yu Tian},
  journal={Nature reviews neuroscience},
  volume={11},
  number={7},
  pages={459--473},
  year={2010},
  publisher={Nature Publishing Group UK London}
}

@article{vanzhula2019illness,
  title={Illness pathways between eating disorder and post-traumatic stress disorder symptoms: Understanding comorbidity with network analysis},
  author={Vanzhula, Irina A and Calebs, Benjamin and Fewell, Laura and Levinson, Cheri A},
  journal={European Eating Disorders Review},
  volume={27},
  number={2},
  pages={147--160},
  year={2019},
  publisher={Wiley Online Library}
}

@article{boschloo2015network,
  title={The network structure of symptoms of the diagnostic and statistical manual of mental disorders},
  author={Boschloo, Lynn and van Borkulo, Claudia D and Rhemtulla, Mijke and Keyes, Katherine M and Borsboom, Denny and Schoevers, Robert A},
  journal={PloS one},
  volume={10},
  number={9},
  pages={e0137621},
  year={2015},
  publisher={Public Library of Science San Francisco, CA USA}
}

@article {PMID:32164822,
	Title = {Methods for Evaluating Causality in Observational Studies},
	Author = {Gianicolo, Emilio A L and Eichler, Martin and Muensterer, Oliver and Strauch, Konstantin and Blettner, Maria},
	DOI = {10.3238/arztebl.2020.0101},
	Number = {7},
	Volume = {116},
	Month = {February},
	Year = {2020},
	Journal = {Deutsches Arzteblatt international},
	ISSN = {1866-0452},
	Pages = {101—107}
}

@inproceedings{Cattaneo2019API,
  title={A Practical Introduction to Regression Discontinuity Designs},
  author={M. D. Cattaneo and Nicol{\'a}s Idrobo and Roc{\'i}o Titiunik},
  year={2019},
  url={https://api.semanticscholar.org/CorpusID:208201961}
}

@article{Caliendo2005SomePG,
  title={Some Practical Guidance for the Implementation of Propensity Score Matching},
  author={Marco Caliendo and Sabine Kopeinig},
  journal={IZA Institute of Labor Economics Discussion Paper Series},
  year={2005},
  url={https://api.semanticscholar.org/CorpusID:17972477}
}

@article{KennedyMartin2015ALR,
  title={A literature review on the representativeness of randomized controlled trial samples and implications for the external validity of trial results},
  author={Tessa Kennedy-Martin and Sarah E. Curtis and Douglas E Faries and Susan Robinson and Joseph A. Johnston},
  journal={Trials},
  year={2015},
  volume={16},
  url={https://api.semanticscholar.org/CorpusID:707509}
}

@article{konac2021comorbidity,
  title={Comorbidity between depression and anxiety in adolescents: Bridge symptoms and relevance of risk and protective factors},
  author={Konac, Deniz and Young, Katherine S and Lau, Jennifer and Barker, Edward D},
  journal={Journal of psychopathology and behavioral assessment},
  volume={43},
  pages={583--596},
  year={2021},
  publisher={Springer}
}

@article{seinsche2023memory,
  title={Memory representation of aversive social experiences in Social Anxiety Disorder},
  author={Seinsche, Rosa J and Fricke, Susanne and Neudert, Marie K and Zehtner, Raphaela I and Walter, Bertram and Stark, Rudolf and Hermann, Andrea},
  journal={Journal of Anxiety Disorders},
  volume={94},
  pages={102669},
  year={2023},
  publisher={Elsevier}
}

@article{jacobson2017anxiety,
  title={Anxiety and depression as bidirectional risk factors for one another: A meta-analysis of longitudinal studies.},
  author={Jacobson, Nicholas C and Newman, Michelle G},
  journal={Psychological bulletin},
  volume={143},
  number={11},
  pages={1155},
  year={2017},
  publisher={American Psychological Association}
}

@article{kim2019cultural,
  title={Cultural variation in temporal associations among somatic complaints, anxiety, and depressive symptoms in adolescence},
  author={Kim, Jacqueline HJ and Tsai, William and Kodish, Tamar and Trung, Lam T and Lau, Anna S and Weiss, Bahr},
  journal={Journal of psychosomatic research},
  volume={124},
  pages={109763},
  year={2019},
  publisher={Elsevier}
}

@article{klumpp2023objective,
  title={Objective and subjective sleep measures are related to suicidal ideation and are transdiagnostic features of major depressive disorder and social anxiety disorder},
  author={Klumpp, Heide and Chang, Fini and Bauer, Brian W and Burgess, Helen J},
  journal={Brain sciences},
  volume={13},
  number={2},
  pages={288},
  year={2023},
  publisher={MDPI}
}

@article{grandjean2021stronger,
  title={Stronger impulse capture and impaired inhibition of prepotent action in children with ADHD performing a Simon task: An electromyographic study.},
  author={Grandjean, Aur{\'e}lie and Suarez, Isabel and Diaz, Elisa and Spieser, Laure and Burle, Boris and Blaye, Agn{\`e}s and Casini, Laurence},
  journal={Neuropsychology},
  volume={35},
  number={4},
  pages={399},
  year={2021},
  publisher={American Psychological Association}
}

@article{moscovitch2018autobiographical,
  title={Autobiographical memory retrieval and appraisal in social anxiety disorder},
  author={Moscovitch, David A and Vidovic, Vanja and Lenton-Brym, Ariella P and Dupasquier, Jessica R and Barber, Kevin C and Hudd, Taylor and Zabara, Nick and Romano, Mia},
  journal={Behaviour Research and Therapy},
  volume={107},
  pages={106--116},
  year={2018},
  publisher={Elsevier}
}

@article{Chu2016ThwartedBM,
  title={Thwarted Belongingness Mediates the Relationship Between Fear of Negative Evaluation and Suicidal Ideation},
  author={Carol Chu and Jennifer M Buchman-Schmitt and Fallon B. Moberg and Thomas E. Joiner},
  journal={Cognitive Therapy and Research},
  year={2016},
  volume={40},
  pages={31-37},
  url={https://api.semanticscholar.org/CorpusID:22320233}
}

@article{ehlers1993interoception,
  title={Interoception and panic disorder},
  author={Ehlers, Anke},
  journal={Advances in Behaviour Research and Therapy},
  volume={15},
  number={1},
  pages={3--21},
  year={1993},
  publisher={Elsevier}
}

@article{kang2024pontomesencephalic,
  title={A pontomesencephalic PACAPergic pathway underlying panic-like behavioral and somatic symptoms in mice},
  author={Kang, Sukjae J and Kim, Jong-Hyun and Kim, Dong-Il and Roberts, Benjamin Z and Han, Sung},
  journal={Nature Neuroscience},
  pages={1--12},
  year={2024},
  publisher={Nature Publishing Group US New York}
}

@inproceedings{luo2016commonsense,
  title={Commonsense causal reasoning between short texts},
  author={Luo, Zhiyi and Sha, Yuchen and Zhu, Kenny Q. and Hwang, Seung-won and Wang, Zhongyuan},
  booktitle={Fifteenth international conference on the principles of knowledge representation and reasoning},
  year={2016}
}

@article{alvares2013reduced,
  title={Reduced heart rate variability in social anxiety disorder: associations with gender and symptom severity},
  author={Alvares, Gail A and Quintana, Daniel S and Kemp, Andrew H and Van Zwieten, Anita and Balleine, Bernard W and Hickie, Ian B and Guastella, Adam J},
  journal={PloS one},
  volume={8},
  number={7},
  pages={e70468},
  year={2013},
  publisher={Public Library of Science San Francisco, USA}
}

@article{weeks2016fears,
  title={Fears of positive versus negative evaluation: Distinct and conjoint neuroendocrine, emotional, and cardiovascular responses to social threat},
  author={Weeks, Justin W and Zoccola, Peggy M},
  journal={Journal of Experimental Psychopathology},
  volume={7},
  number={4},
  pages={632--654},
  year={2016},
  publisher={SAGE Publications Sage UK: London, England}
}

@article{pasquini2015fatigue,
  title={Fatigue experiences among OCD outpatients},
  author={Pasquini, Massimo and Piacentino, Daria and Berardelli, Isabella and Roselli, Valentina and Maraone, Annalisa and Tarsitani, Lorenzo and Biondi, Massimo},
  journal={Psychiatric Quarterly},
  volume={86},
  pages={615--624},
  year={2015},
  publisher={Springer}
}