@incollection{lewis1994heterogeneous,
	title={Heterogeneous uncertainty sampling for supervised learning},
	author={Lewis, David D and Catlett, Jason},
	booktitle={Machine learning proceedings 1994},
	pages={148--156},
	year={1994},
	publisher={Elsevier}
}

@article{murphy2002thebig,
	title={TheBig Bookof Concepts},
	author={Murphy, G},
	journal={Cambridge: TheMITPress},
	year={2002}
}

@article{bloom2003glue,
	title={Glue for the mental world},
	author={Bloom, Paul},
	journal={Nature},
	volume={421},
	number={6920},
	pages={212},
	year={2003},
	publisher={Nature Publishing Group}
}

@inproceedings{toutanova2003feature,
	title={Feature-rich part-of-speech tagging with a cyclic dependency network},
	author={Toutanova, Kristina and Klein, Dan and Manning, Christopher D and Singer, Yoram},
	booktitle={Proceedings of the 2003 Conference of the North American Chapter of the Association for Computational Linguistics on Human Language Technology-Volume 1},
	pages={173--180},
	year={2003},
	organization={Association for computational Linguistics}
}

@inproceedings{finkel2005incorporating,
	title={Incorporating non-local information into information extraction systems by gibbs sampling},
	author={Finkel, Jenny Rose and Grenager, Trond and Manning, Christopher},
	booktitle={Proceedings of the 43rd annual meeting on association for computational linguistics},
	pages={363--370},
	year={2005},
	organization={Association for Computational Linguistics}
}

@article{yang2019simple,
	title={Simple and Effective Text Matching with Richer Alignment Features},
	author={Yang, Runqi and Zhang, Jianhai and Gao, Xing and Ji, Feng and Chen, Haiqing},
	journal={arXiv preprint arXiv:1908.00300},
	year={2019}
}

@inproceedings{huang2013learning,
	title={Learning deep structured semantic models for web search using clickthrough data},
	author={Huang, Po-Sen and He, Xiaodong and Gao, Jianfeng and Deng, Li and Acero, Alex and Heck, Larry},
	booktitle={Proceedings of the 22nd ACM international conference on Information \& Knowledge Management},
	pages={2333--2338},
	year={2013},
	organization={ACM}
}

@inproceedings{pang2016text,
	title={Text matching as image recognition},
	author={Pang, Liang and Lan, Yanyan and Guo, Jiafeng and Xu, Jun and Wan, Shengxian and Cheng, Xueqi},
	booktitle={Thirtieth AAAI Conference on Artificial Intelligence},
	year={2016}
}

@inproceedings{hearst1992automatic,
	title={Automatic acquisition of hyponyms from large text corpora},
	author={Hearst, Marti A},
	booktitle={Proceedings of the 14th conference on Computational linguistics-Volume 2},
	pages={539--545},
	year={1992},
	organization={Association for Computational Linguistics}
}

@article{shang2018learning,
	title={Learning named entity tagger using domain-specific dictionary},
	author={Shang, Jingbo and Liu, Liyuan and Ren, Xiang and Gu, Xiaotao and Ren, Teng and Han, Jiawei},
	journal={arXiv preprint arXiv:1809.03599},
	year={2018}
}

@article{huang2015bidirectional,
	title={Bidirectional LSTM-CRF models for sequence tagging},
	author={Huang, Zhiheng and Xu, Wei and Yu, Kai},
	journal={arXiv},
	year={2015}
}

@article{reimers2017optimal,
	title={Optimal Hyperparameters for Deep LSTM-Networks for Sequence Labeling Tasks},
	author={Reimers, Nils and Gurevych, Iryna},
	journal={arXiv},
	year={2017}
}

@article{lafferty2001conditional,
	title={Conditional random fields: Probabilistic models for segmenting and labeling sequence data},
	author={Lafferty, John and McCallum, Andrew and Pereira, Fernando CN},
	year={2001}
}

@inproceedings{pennington2014glove,
	title={Glove: Global vectors for word representation},
	author={Pennington, Jeffrey and Socher, Richard and Manning, Christopher},
	booktitle={Proceedings of the 2014 conference on empirical methods in natural language processing (EMNLP)},
	pages={1532--1543},
	year={2014}
}

@inproceedings{hao2017end,
	title={An end-to-end model for question answering over knowledge base with cross-attention combining global knowledge},
	author={Hao, Yanchao and Zhang, Yuanzhe and Liu, Kang and He, Shizhu and Liu, Zhanyi and Wu, Hua and Zhao, Jun},
	booktitle={Proceedings of the 55th Annual Meeting of the Association for Computational Linguistics (Volume 1: Long Papers)},
	pages={221--231},
	year={2017}
}

@inproceedings{vaswani2017attention,
	title={Attention is all you need},
	author={Vaswani, Ashish and Shazeer, Noam and Parmar, Niki and Uszkoreit, Jakob and Jones, Llion and Gomez, Aidan N and Kaiser, {\L}ukasz and Polosukhin, Illia},
	booktitle={Advances in neural information processing systems},
	pages={5998--6008},
	year={2017}
}

@inproceedings{le2014distributed,
	title={Distributed representations of sentences and documents},
	author={Le, Quoc and Mikolov, Tomas},
	booktitle={International conference on machine learning},
	pages={1188--1196},
	year={2014}
}

@article{devlin2018bert,
	title={Bert: Pre-training of deep bidirectional transformers for language understanding},
	author={Devlin, Jacob and Chang, Ming-Wei and Lee, Kenton and Toutanova, Kristina},
	journal={arXiv preprint arXiv:1810.04805},
	year={2018}
}

@inproceedings{luo2019conceptualize,
	title={Conceptualize and Infer User Needs in E-commerce},
	author={Luo, Xusheng and Yang, Yonghua and Zhu, Kenny Qili and Gong, Yu and Yang, Keping},
	booktitle={Proceedings of the 28th ACM International Conference on Information and Knowledge Management},
	pages={2517--2525},
	year={2019},
	organization={ACM}
}

@inproceedings{wu2012probase,
	title={Probase: A probabilistic taxonomy for text understanding},
	author={Wu, Wentao and Li, Hongsong and Wang, Haixun and Zhu, Kenny Q},
	booktitle={Proceedings of the 2012 ACM SIGMOD International Conference on Management of Data},
	pages={481--492},
	year={2012},
	organization={ACM}
}

@article{gong2018deep,
	title={Deep Cascade Multi-task Learning for Slot Filling in Online Shopping Assistant},
	author={Gong, Yu and Luo, Xusheng and Zhu, Yu and Ou, Wenwu and Li, Zhao and Zhu, Muhua and Zhu, Kenny Q and Duan, Lu and Chen, Xi},
	journal={arXiv preprint arXiv:1803.11326},
	year={2018}
}

@article{shang2018automated,
	title={Automated phrase mining from massive text corpora},
	author={Shang, Jingbo and Liu, Jialu and Jiang, Meng and Ren, Xiang and Voss, Clare R and Han, Jiawei},
	journal={IEEE Transactions on Knowledge and Data Engineering},
	volume={30},
	number={10},
	pages={1825--1837},
	year={2018},
	publisher={IEEE}
}

@book{miller1998wordnet,
	title={WordNet: An electronic lexical database},
	author={Miller, George},
	year={1998},
	publisher={MIT press}
}

@inproceedings{hu2018leveraging,
	title={Leveraging meta-path based context for top-n recommendation with a neural co-attention model},
	author={Hu, Binbin and Shi, Chuan and Zhao, Wayne Xin and Yu, Philip S},
	booktitle={Proceedings of the 24th ACM SIGKDD International Conference on Knowledge Discovery \& Data Mining},
	pages={1531--1540},
	year={2018},
	organization={ACM}
}

@inproceedings{zhao2017meta,
	title={Meta-graph based recommendation fusion over heterogeneous information networks},
	author={Zhao, Huan and Yao, Quanming and Li, Jianda and Song, Yangqiu and Lee, Dik Lun},
	booktitle={Proceedings of the 23rd ACM SIGKDD International Conference on Knowledge Discovery and Data Mining},
	pages={635--644},
	year={2017},
	organization={ACM}
}

@article{linden2003amazon,
	title={Amazon. com recommendations: Item-to-item collaborative filtering},
	author={Linden, Greg and Smith, Brent and York, Jeremy},
	journal={IEEE Internet computing},
	number={1},
	pages={76--80},
	year={2003},
	publisher={IEEE}
}

@inproceedings{sarwar2001item,
	title={Item-based collaborative filtering recommendation algorithms},
	author={Sarwar, Badrul and Karypis, George and Konstan, Joseph and Riedl, John},
	booktitle={Proceedings of the 10th international conference on World Wide Web},
	pages={285--295},
	year={2001},
	organization={ACM}
}

@inproceedings{murakami2007metrics,
	title={Metrics for evaluating the serendipity of recommendation lists},
	author={Murakami, Tomoko and Mori, Koichiro and Orihara, Ryohei},
	booktitle={Annual conference of the Japanese society for artificial intelligence},
	pages={40--46},
	year={2007},
	organization={Springer}
}

@article{herlocker2004evaluating,
	title={Evaluating collaborative filtering recommender systems},
	author={Herlocker, Jonathan L and Konstan, Joseph A and Terveen, Loren G and Riedl, John T},
	journal={ACM Transactions on Information Systems (TOIS)},
	volume={22},
	number={1},
	pages={5--53},
	year={2004},
	publisher={ACM}
}

@article{zhang2018explainable,
	title={Explainable Recommendation: A Survey and New Perspectives},
	author={Zhang, Yongfeng and Chen, Xu},
	journal={arXiv preprint arXiv:1804.11192},
	year={2018}
}

@inproceedings{zanker2010knowledgeable,
	title={Knowledgeable explanations for recommender systems},
	author={Zanker, Markus and Ninaus, Daniel},
	booktitle={Web Intelligence and Intelligent Agent Technology (WI-IAT), 2010 IEEE/WIC/ACM International Conference on},
	volume={1},
	pages={657--660},
	year={2010},
	organization={IEEE}
}

@inproceedings{cleger2012explaining,
	title={Explaining neighborhood-based recommendations},
	author={Cleger-Tamayo, Sergio and Fernandez-Luna, Juan M and Huete, Juan F},
	booktitle={Proceedings of the 35th international ACM SIGIR conference on Research and development in information retrieval},
	pages={1063--1064},
	year={2012},
	organization={ACM}
}

@inproceedings{costa2018automatic,
	title={Automatic Generation of Natural Language Explanations},
	author={Costa, Felipe and Ouyang, Sixun and Dolog, Peter and Lawlor, Aonghus},
	booktitle={Proceedings of the 23rd International Conference on Intelligent User Interfaces Companion},
	pages={57},
	year={2018},
	organization={ACM}
}

@inproceedings{li2017neural,
	title={Neural rating regression with abstractive tips generation for recommendation},
	author={Li, Piji and Wang, Zihao and Ren, Zhaochun and Bing, Lidong and Lam, Wai},
	booktitle={Proceedings of the 40th International ACM SIGIR conference on Research and Development in Information Retrieval},
	pages={345--354},
	year={2017},
	organization={ACM}
}

@article{wang2018dkn,
	title={DKN: Deep Knowledge-Aware Network for News Recommendation},
	author={Wang, Hongwei and Zhang, Fuzheng and Xie, Xing and Guo, Minyi},
	journal={arXiv preprint arXiv:1801.08284},
	year={2018}
}

@inproceedings{huang2018improving,
	title={Improving sequential recommendation with knowledge-enhanced memory networks},
	author={Huang, Jin and Zhao, Wayne Xin and Dou, Hongjian and Wen, Ji-Rong and Chang, Edward Y},
	booktitle={The 41st International ACM SIGIR Conference on Research \& Development in Information Retrieval},
	pages={505--514},
	year={2018},
	organization={ACM}
}

@inproceedings{chen2018sequential,
	title={Sequential recommendation with user memory networks},
	author={Chen, Xu and Xu, Hongteng and Zhang, Yongfeng and Tang, Jiaxi and Cao, Yixin and Qin, Zheng and Zha, Hongyuan},
	booktitle={WSDM},
	pages={108--116},
	year={2018},
	organization={ACM}
}

@inproceedings{bordes2013translating,
	title={Translating embeddings for modeling multi-relational data},
	author={Bordes, Antoine and Usunier, Nicolas and Garcia-Duran, Alberto and Weston, Jason and Yakhnenko, Oksana},
	booktitle={Advances in neural information processing systems},
	pages={2787--2795},
	year={2013}
}

@inproceedings{wang2018ripplenet,
	title={Ripplenet: Propagating user preferences on the knowledge graph for recommender systems},
	author={Wang, Hongwei and Zhang, Fuzheng and Wang, Jialin and Zhao, Miao and Li, Wenjie and Xie, Xing and Guo, Minyi},
	booktitle={Proceedings of the 27th ACM International Conference on Information and Knowledge Management},
	pages={417--426},
	year={2018},
	organization={ACM}
}

@inproceedings{zhang2016collaborative,
	title={Collaborative knowledge base embedding for recommender systems},
	author={Zhang, Fuzheng and Yuan, Nicholas Jing and Lian, Defu and Xie, Xing and Ma, Wei-Ying},
	booktitle={Proceedings of the 22nd ACM SIGKDD international conference on knowledge discovery and data mining},
	pages={353--362},
	year={2016},
	organization={ACM}
}

@inproceedings{sun2018recurrent,
	title={Recurrent knowledge graph embedding for effective recommendation},
	author={Sun, Zhu and Yang, Jie and Zhang, Jie and Bozzon, Alessandro and Huang, Long-Kai and Xu, Chi},
	booktitle={Proceedings of the 12th ACM Conference on Recommender Systems},
	pages={297--305},
	year={2018},
	organization={ACM}
}

@article{hochreiter1997long,
	title={Long short-term memory},
	author={Hochreiter, Sepp and Schmidhuber, J{\"u}rgen},
	journal={Neural computation},
	volume={9},
	number={8},
	pages={1735--1780},
	year={1997},
	publisher={MIT Press}
}

@article{cho2014properties,
	title={On the properties of neural machine translation: Encoder-decoder approaches},
	author={Cho, Kyunghyun and Van Merri{\"e}nboer, Bart and Bahdanau, Dzmitry and Bengio, Yoshua},
	journal={arXiv preprint arXiv:1409.1259},
	year={2014}
}

@inproceedings{cheng2016wide,
	title={Wide \& deep learning for recommender systems},
	author={Cheng, Heng-Tze and Koc, Levent and Harmsen, Jeremiah and Shaked, Tal and Chandra, Tushar and Aradhye, Hrishi and Anderson, Glen and Corrado, Greg and Chai, Wei and Ispir, Mustafa and others},
	booktitle={Proceedings of the 1st Workshop on Deep Learning for Recommender Systems},
	pages={7--10},
	year={2016},
	organization={ACM}
}

@article{yin2016abcnn,
	title={Abcnn: Attention-based convolutional neural network for modeling sentence pairs},
	author={Yin, Wenpeng and Sch{\"u}tze, Hinrich and Xiang, Bing and Zhou, Bowen},
	journal={Transactions of the Association for Computational Linguistics},
	volume={4},
	pages={259--272},
	year={2016},
	publisher={MIT Press}
}

@article{wang2018explainable,
	title={Explainable Reasoning over Knowledge Graphs for Recommendation},
	author={Wang, Xiang and Wang, Dingxian and Xu, Canran and He, Xiangnan and Cao, Yixin and Chua, Tat-Seng},
	journal={arXiv preprint arXiv:1811.04540},
	year={2018}
}

@inproceedings{rendle2009bpr,
	title={BPR: Bayesian personalized ranking from implicit feedback},
	author={Rendle, Steffen and Freudenthaler, Christoph and Gantner, Zeno and Schmidt-Thieme, Lars},
	booktitle={Proceedings of the twenty-fifth conference on uncertainty in artificial intelligence},
	pages={452--461},
	year={2009},
	organization={AUAI Press}
}

@article{kingma2014adam,
	title={Adam: A method for stochastic optimization},
	author={Kingma, Diederik P and Ba, Jimmy},
	journal={arXiv preprint arXiv:1412.6980},
	year={2014}
}

@article{bahdanau2014neural,
	title={Neural machine translation by jointly learning to align and translate},
	author={Bahdanau, Dzmitry and Cho, Kyunghyun and Bengio, Yoshua},
	journal={arXiv preprint arXiv:1409.0473},
	year={2014}
}

@article{luong2015effective,
	title={Effective approaches to attention-based neural machine translation},
	author={Luong, Minh-Thang and Pham, Hieu and Manning, Christopher D},
	journal={arXiv preprint arXiv:1508.04025},
	year={2015}
}

@book{auer2007dbpedia,
	title={Dbpedia: A nucleus for a web of open data},
	author={Auer, S{\"o}ren and Bizer, Christian and Kobilarov, Georgi and Lehmann, Jens and Cyganiak, Richard and Ives, Zachary},
	year={2007},
	publisher={Springer}
}

@inproceedings{suchanek2007yago,
	title={Yago: a core of semantic knowledge},
	author={Suchanek, Fabian M and Kasneci, Gjergji and Weikum, Gerhard},
	booktitle={WWW},
	pages={697--706},
	year={2007},
	organization={ACM}
}

@inproceedings{bollacker2008freebase,
	title={Freebase: a collaboratively created graph database for structuring human knowledge},
	author={Bollacker, Kurt and Evans, Colin and Paritosh, Praveen and Sturge, Tim and Taylor, Jamie},
	booktitle={SIGMOD},
	pages={1247--1250},
	year={2008}
}

@article{ai2018learning,
	title={Learning Heterogeneous Knowledge Base Embeddings for Explainable Recommendation},
	author={Ai, Qingyao and Azizi, Vahid and Chen, Xu and Zhang, Yongfeng},
	journal={arXiv preprint arXiv:1805.03352},
	year={2018}
}

@article{gong2019deep,
	title={Deep Cascade Multi-task Learning for Slot Filling in Online Shopping Assistant},
	author={Gong, Yu and Luo, Xusheng and Zhu, Yu and Ou, Wenwu and Li, Zhao and Zhu, Muhua and Zhu, Kenny Q and Lu Duan, Xi Chen},
	year={2019}
}

@article{gao2018recommendation,
	title={Recommendation with multi-source heterogeneous information},
	author={Gao, Li and Yang, Hong and Wu, Jia and Zhou, Chuan and Lu, Weixue and Hu, Yue},
	journal={structure},
	year={2018}
}

@inproceedings{wang2017dynamic,
	title={Dynamic attention deep model for article recommendation by learning human editors' demonstration},
	author={Wang, Xuejian and Yu, Lantao and Ren, Kan and Tao, Guanyu and Zhang, Weinan and Yu, Yong and Wang, Jun},
	booktitle={Proceedings of the 23rd ACM SIGKDD International Conference on Knowledge Discovery and Data Mining},
	pages={2051--2059},
	year={2017},
	organization={ACM}
}

@inproceedings{zhou2018deep,
	title={Deep interest network for click-through rate prediction},
	author={Zhou, Guorui and Zhu, Xiaoqiang and Song, Chenru and Fan, Ying and Zhu, Han and Ma, Xiao and Yan, Yanghui and Jin, Junqi and Li, Han and Gai, Kun},
	booktitle={Proceedings of the 24th ACM SIGKDD International Conference on Knowledge Discovery \& Data Mining},
	pages={1059--1068},
	year={2018},
	organization={ACM}
}

@article{catherine2017explainable,
	title={Explainable entity-based recommendations with knowledge graphs},
	author={Catherine, Rose and Mazaitis, Kathryn and Eskenazi, Maxine and Cohen, William},
	journal={arXiv preprint arXiv:1707.05254},
	year={2017}
}

@inproceedings{perozzi2014deepwalk,
	title={Deepwalk: Online learning of social representations},
	author={Perozzi, Bryan and Al-Rfou, Rami and Skiena, Steven},
	booktitle={Proceedings of the 20th ACM SIGKDD international conference on Knowledge discovery and data mining},
	pages={701--710},
	year={2014},
	organization={ACM}
}

@inproceedings{lin2015learning,
	title={Learning entity and relation embeddings for knowledge graph completion.},
	author={Lin, Yankai and Liu, Zhiyuan and Sun, Maosong and Liu, Yang and Zhu, Xuan},
	booktitle={AAAI},
	volume={15},
	pages={2181--2187},
	year={2015}
}

@inproceedings{wang2014knowledge,
	title={Knowledge Graph Embedding by Translating on Hyperplanes.},
	author={Wang, Zhen and Zhang, Jianwen and Feng, Jianlin and Chen, Zheng},
	booktitle={AAAI},
	volume={14},
	pages={1112--1119},
	year={2014}
}

@inproceedings{mcmahan2013ad,
	title={Ad click prediction: a view from the trenches},
	author={McMahan, H Brendan and Holt, Gary and Sculley, David and Young, Michael and Ebner, Dietmar and Grady, Julian and Nie, Lan and Phillips, Todd and Davydov, Eugene and Golovin, Daniel and others},
	booktitle={Proceedings of the 19th ACM SIGKDD international conference on Knowledge discovery and data mining},
	pages={1222--1230},
	year={2013},
	organization={ACM}
}

@inproceedings{speer2012representing,
	title={Representing General Relational Knowledge in ConceptNet 5.},
	author={Speer, Robert and Havasi, Catherine},
	booktitle={LREC},
	pages={3679--3686},
	year={2012}
}