@book{Aho:72,
    author  = {Alfred V. Aho and Jeffrey D. Ullman},
    title   = {The Theory of Parsing, Translation and Compiling},
    year    = "1972",
    volume  = "1",
    publisher = {Prentice-Hall},
    address = {Englewood Cliffs, NJ}
}

@book{APA:83,
    author  = {{American Psychological Association}},
    title   = {Publications Manual},
    year    = "1983",
   publisher = {American Psychological Association},
   address = {Washington, DC}
}

@article{ACM:83,
	author = {ACM},
	year = "1983",
	journal = {Computing Reviews},
	volume = "24",
	number = "11",
}

@article{Chandra:81,
	author = {Ashok K. Chandra and Dexter C. Kozen and Larry J. Stockmeyer},
	year = "1981",
	title = {Alternation},
	journal = {Journal of the ACM},
	volume = "28",
	number = "1",
	doi = "10.1145/322234.322243",
}

@inproceedings{andrew2007scalable,
  title={Scalable training of {L1}-regularized log-linear models},
  author={Andrew, Galen and Gao, Jianfeng},
  booktitle={Proceedings of the 24th ICML},
  year={2007},
}

@book{Gusfield:97,
    author  = {Dan Gusfield},
    title   = {Algorithms on Strings, Trees and Sequences},
    year    = "1997",
    publisher = {Cambridge University Press},
    address = {Cambridge, UK}
}

@inproceedings{borsch2011,
	Address = {Canberra, Australia},
	Author = {Benjamin Borschinger and Mark Johnson},
	Booktitle = {Proceedings of ALTA Workshop 2011},
	Month = {December},
	Title = {A Particle Filter algorithm for {B}ayesian Wordsegmentation},
	Year = {2011}}

@article{rasooli-tetrault-2015,
    author    = {Mohammad Sadegh Rasooli and Joel R. Tetreault},
    title     = {Yara Parser: {A} Fast and Accurate Dependency Parser},
    journal   = {CoRR},
    volume    = {arXiv:1503.06733},
    year      = {2015},
    url       = {http://arxiv.org/abs/1503.06733},
    note    = {version 2}
}

@article{Ando2005,
	Acmid = {1194905},
	Author = {Ando, Rie Kubota and Zhang, Tong},
	Issn = {1532-4435},
	Issue_Date = {12/1/2005},
	Journal = {JMLR},
	Month = dec,
	Numpages = {37},
	Publisher = {JMLR.org},
	Title = {A Framework for Learning Predictive Structures from Multiple Tasks and Unlabeled Data},
	Volume = {6},
	Year = {2005}}

@InProceedings{P16-1001,
  author =	"Goodman, James
  	 and Vlachos, Andreas
	     and Naradowsky, Jason",
  title =    "Noise reduction and targeted exploration in imitation learning for abstract meaning representation parsing",
  booktitle = 	    "ACL",
  year =    "2016"
}

@InProceedings{C14-1001,
  author =	"Harper, Mary",
  title = 	"Learning from 26 Languages: Program Management and Science in the Babel Program",
  booktitle = 	"COLING",
  year =    "2014"
}
@inproceedings{meehan1977tale,
  title={TALE-SPIN, An Interactive Program that Writes Stories.},
  author={Meehan, James R},
  booktitle={IJCAI},
  year={1977}
}

@article{chambers2008unsupervised,
  title={Unsupervised learning of narrative event chains},
  author={Chambers, Nathanael and Jurafsky, Dan},
  journal={ACL},
  year={2008}
}

@inproceedings{mostafazadeh2016corpus,
  title={A Corpus and Cloze Evaluation for Deeper Understanding of Commonsense Stories},
  author={Mostafazadeh, Nasrin and Chambers, Nathanael and He, Xiaodong and Parikh, Devi and Batra, Dhruv and Vanderwende, Lucy and Kohli, Pushmeet and Allen, James},
  booktitle={NAACL-HLT},
  pages={839--849},
  year={2016}
}

@article{mostafazadeh2016story,
  title={Story Cloze Evaluator: Vector Space Representation Evaluation by Predicting What Happens Next},
  author={Mostafazadeh, Nasrin and Vanderwende, Lucy and Yih, Wen-tau and Kohli, Pushmeet and Allen, James},
  journal={ACL},
  year={2016}
}

@inproceedings{bugert2017lsdsem,
  title={{LSDSem} 2017: Exploring data generation methods for the story cloze test},
  author={Bugert, Michael and Puzikov, Yevgeniy and R{\"u}ckl{\'e}, Andreas and Eckle-Kohler, Judith and Martin, Teresa and Mart{\'\i}nez-C{\'a}mara, Eugenio and Sorokin, Daniil and Peyrard, Maxime and Gurevych, Iryna},
  booktitle={LSDSem},
  year={2017}
}

@inproceedings{cai2017pay,
  title={Pay attention to the ending: Strong neural baselines for the roc story cloze task},
  author={Cai, Zheng and Tu, Lifu and Gimpel, Kevin},
  booktitle={ACL},
  year={2017}
}

@inproceedings{wang2017conditional,
  title={Conditional Generative Adversarial Networks for Commonsense Machine Comprehension.},
  author={Wang, Bingning and Liu, Kang and Zhao, Jun},
  booktitle={IJCAI},
  year={2017}
}

@inproceedings{roemmele2017rnn,
  title={An rnn-based binary classifier for the story cloze test},
  author={Roemmele, Melissa and Kobayashi, Sosuke and Inoue, Naoya and Gordon, Andrew},
  booktitle={LSDSem},
  year={2017}
}

@article{chen2018incorporating,
  author    = {Jiaao Chen and
               Jianshu Chen and
               Zhou Yu},
  title     = {Incorporating Structured Commonsense Knowledge in Story Completion},
  journal   = {CoRR},
  year      = {2018}
}

@inproceedings{speer2017conceptnet,
  title={Conceptnet 5.5: An open multilingual graph of general knowledge},
  author={Speer, Robert and Chin, Joshua and Havasi, Catherine},
  booktitle={AAAI},
  year={2017}
}


@article{loper2002nltk,
  title={NLTK: the natural language toolkit},
  author={Loper, Edward and Bird, Steven},
  journal={arXiv preprint cs/0205028},
  year={2002}
}

@inproceedings{mihaylov2017story,
  title={Story Cloze Ending Selection Baselines and Data Examination},
  author={Mihaylov, Todor and Frank, Anette},
  booktitle={LSDSem},
  year={2017}
}

@inproceedings{liu2018knowledge,
  title={Knowledge diffusion for neural dialogue generation},
  author={Liu, Shuman and Chen, Hongshen and Ren, Zhaochun and Feng, Yang and Liu, Qun and Yin, Dawei},
  booktitle={ACL},
  year={2018}
}

@article{zhou2019story,
author = {Zhou, Mantong and Huang, Minlie and Zhu, Xiaoyan},
year = {2019},
month = {01},
title = {Story Ending Selection by Finding Hints from Pairwise Candidate Endings},
journal = {IEEE/ACM TASLP},
}

@inproceedings{kiros2015skip,
  title={Skip-thought vectors},
  author={Kiros, Ryan and Zhu, Yukun and Salakhutdinov, Ruslan R and Zemel, Richard and Urtasun, Raquel and Torralba, Antonio and Fidler, Sanja},
  booktitle={NIPS},
  year={2015}
}


@inproceedings{hermann2015teaching,
  title={Teaching machines to read and comprehend},
  author={Hermann, Karl Moritz and Kocisky, Tomas and Grefenstette, Edward and Espeholt, Lasse and Kay, Will and Suleyman, Mustafa and Blunsom, Phil},
  booktitle={NIPS},
  year={2015}
}

@inproceedings{schwartz2017story,
  title={Story cloze task: Uw nlp system},
  author={Schwartz, Roy and Sap, Maarten and Konstas, Ioannis and Zilles, Leila and Choi, Yejin and Smith, Noah A},
  booktitle={LSDSem},
  year={2017}
}

@inproceedings{chaturvedi2017story,
  title={Story comprehension for predicting what happens next},
  author={Chaturvedi, Snigdha and Peng, Haoruo and Roth, Dan},
  booktitle={EMNLP},
  year={2017}
}


@inproceedings{manning2014stanford,
  title={The Stanford CoreNLP natural language processing toolkit},
  author={Manning, Christopher and Surdeanu, Mihai and Bauer, John and Finkel, Jenny and Bethard, Steven and McClosky, David},
  booktitle={ACL},
  year={2014}
}

@inproceedings{sharma2018tackling,
  author    = {Rishi Sharma and
               James Allen and
               Omid Bakhshandeh and
               Nasrin Mostafazadeh},
  title     = {Tackling the Story Ending Biases in The Story Cloze Test},
  booktitle = {ACL},
  year      = {2018}
 }
@inproceedings{srinivasan2018simple,
  author    = {Siddarth Srinivasan and
               Richa Arora and
               Mark Riedl},
  title     = {A Simple and Effective Approach to the Story Cloze Test},
  booktitle = {ACL},
  year      = {2018},
}

@techreport{radford2018improving,
  title={Improving language understanding with unsupervised learning},
  author={Radford, Alec and Narasimhan, Karthik and Salimans, Time and Sutskever, Ilya},
  year={2018},
  institution={Technical report, OpenAI}
}

@inproceedings{li2018multi,
  author    = {Qian Li and
               Ziwei Li and
               Jin{-}Mao Wei and
               Yanhui Gu and
               Adam Jatowt and
               Zhenglu Yang},
  title     = {A Multi-Attention based Neural Network with External Knowledge for
               Story Ending Predicting Task},
  booktitle = {COLING},
  year      = {2018}
  }

@inproceedings{huang2013learning,
  title={Learning deep structured semantic models for web search using clickthrough data},
  author={Huang, Po-Sen and He, Xiaodong and Gao, Jianfeng and Deng, Li and Acero, Alex and Heck, Larry},
  booktitle={CIKM},
  year={2013},
}

@inproceedings{mikolov2013distributed,
  title={Distributed representations of words and phrases and their compositionality},
  author={Mikolov, Tomas and Sutskever, Ilya and Chen, Kai and Corrado, Greg S and Dean, Jeff},
  booktitle={NIPS},
  year={2013}
}

@inproceedings{pennington2014glove,
  title={Glove: Global vectors for word representation},
  author={Pennington, Jeffrey and Socher, Richard and Manning, Christopher D},
  booktitle={EMNLP},
  pages={1532--1543},
  year={2014}
}

@article{guan2018story,
  title={Story ending generation with incremental encoding and commonsense knowledge},
  author={Guan, Jian and Wang, Yansen and Huang, Minlie},
  journal={arXiv preprint arXiv:1808.10113},
  year={2018}
}



@inproceedings{event,
  author    = {Hongyu Lin and
               Le Sun and
               Xianpei Han},
  title     = {Reasoning with Heterogeneous Knowledge for Commonsense Machine Comprehension},
  booktitle = {EMNLP},
  year      = {2017},
}

@inproceedings{ferraro2016unified,
  title={A unified Bayesian model of scripts, frames and language},
  author={Ferraro, Francis and Van Durme, Benjamin},
  booktitle={AAAI 2016},
  year={2016}
}

@article{prince1987dictionary,
  title={A Dictionary of Narratology. Lincoln},
  author={Prince, Gerald},
  journal={U of Nebraska P},
  year={1987}
}

@inproceedings{orr2014learning,
  title={Learning scripts as hidden markov models},
  author={Orr, John Walker and Tadepalli, Prasad and Doppa, Janardhan Rao and Fern, Xiaoli and Dietterich, Thomas G},
  booktitle={AAAI 2014},
  year={2014}
}

@inproceedings{pichotta2016learning,
  title={Learning statistical scripts with LSTM recurrent neural networks},
  author={Pichotta, Karl and Mooney, Raymond J},
  booktitle={AAAI},
  year={2016}
}

@inproceedings{peng2017joint,
  title={A joint model for semantic sequences: Frames, entities, sentiments},
  author={Peng, Haoruo and Chaturvedi, Snigdha and Roth, Dan},
  booktitle={CoNLL},
  year={2017}
}

@inproceedings{devlin2018bert,
  author       = {Jacob Devlin and
                  Ming{-}Wei Chang and
                  Kenton Lee and
                  Kristina Toutanova},
  title        = {{BERT:} Pre-training of Deep Bidirectional Transformers for Language
                  Understanding},
  booktitle    = {NAACL-HLT},
  pages        = {4171--4186},
  publisher    = {Association for Computational Linguistics},
  year         = {2019},
}

@inproceedings{zhu2015aligning,
  title={Aligning books and movies: Towards story-like visual explanations by watching movies and reading books},
  author={Zhu, Yukun and Kiros, Ryan and Zemel, Rich and Salakhutdinov, Ruslan and Urtasun, Raquel and Torralba, Antonio and Fidler, Sanja},
  booktitle={ICCV},
  pages={19--27},
  year={2015}
}

@inproceedings{ostermann2018mcscript,
  title={MCScript: A Novel Dataset for Assessing Machine Comprehension Using Script Knowledge},
  author={Ostermann, Simon and Modi, Ashutosh and Roth, Michael and Thater, Stefan and Pinkal, Manfred},
  booktitle={LREC},
  year={2018}
}

@book{schank2013scripts,
  title={Scripts, plans, goals, and understanding: An inquiry into human knowledge structures},
  author={Schank, Roger C and Abelson, Robert P},
  year={2013},
  publisher={Psychology Press}
}

@inproceedings{chambers2008jointly,
  title={Jointly combining implicit constraints improves temporal ordering},
  author={Chambers, Nathanael and Jurafsky, Dan},
  booktitle={Proceedings of EMNLP},
  year={2008},
}

@inproceedings{chambers2009unsupervised,
  title={Unsupervised learning of narrative schemas and their participants},
  author={Chambers, Nathanael and Jurafsky, Dan},
  booktitle={ACL-IJCNLP},
  year={2009}
}

@inproceedings{regneri2011learning,
  title={Learning script participants from unlabeled data},
  author={Regneri, Michaela and Koller, Alexander and Ruppenhofer, Josef and Pinkal, Manfred},
  booktitle={RANLP},
  year={2011}
}

@inproceedings{lin2017reasoning,
  title={Reasoning with heterogeneous knowledge for commonsense machine comprehension},
  author={Lin, Hongyu and Sun, Le and Han, Xianpei},
  booktitle={EMNLP},
  year={2017}
}

@inproceedings{chambers2011template,
  title={Template-based information extraction without the templates},
  author={Chambers, Nathanael and Jurafsky, Dan},
  booktitle={HLT},
  year={2011}
}

@inproceedings{balasubramanian2013generating,
  title={Generating coherent event schemas at scale},
  author={Balasubramanian, Niranjan and Soderland, Stephen and Etzioni, Oren and others},
  booktitle={EMNLP},
  
  year={2013}
}

@inproceedings{sha2016joint,
  title={Joint Learning Templates and Slots for Event Schema Induction},
  author={Sha, Lei and Li, Sujian and Chang, Baobao and Sui, Zhifang},
  booktitle={Proceedings of NAACL-HLT},
  year={2016}
}

@inproceedings{huang2016liberal,
  title={Liberal event extraction and event schema induction},
  author={Huang, Lifu and Cassidy, Taylor and Feng, Xiaocheng and Ji, Heng and Voss, Clare R and Han, Jiawei and Sil, Avirup},
  booktitle={ACL},
  year={2016}
}

@article{pichotta2014statistical,
  title={Statistical Script Learning with Multi-Argument Events},
  author={Pichotta, Karl and Mooney, Raymond J},
  journal={EACL},
  year={2014}
}


@article{pichotta2016statistical,
  title={Statistical Script Learning with Recurrent Neural Networks},
  author={Pichotta, Karl and Mooney, Raymond J},
  journal={EMNLP},
  year={2016}
}

@inproceedings{hu2017happens,
  title={What happens next? Future subevent prediction using contextual hierarchical LSTM},
  author={Hu, Linmei and Li, Juanzi and Nie, Liqiang and Li, Xiao-Li and Shao, Chao},
  booktitle={AAAI},
  year={2017}
}

@inproceedings{rudinger2015script,
  title={Script induction as language modeling},
  author={Rudinger, Rachel and Rastogi, Pushpendre and Ferraro, Francis and Van Durme, Benjamin},
  booktitle={EMNLP},
  year={2015}
}

@inproceedings{mihaylov2018knowledgeable,
  author    = {Todor Mihaylov and
               Anette Frank},
  title     = {Knowledgeable Reader: Enhancing Cloze-Style Reading Comprehension
               with External Commonsense Knowledge},
  booktitle = {ACL},
  year      = {2018}
}

@inproceedings{mooney1985learning,
  author    = {Raymond J. Mooney and
               Gerald DeJong},
  title     = {Learning Schemata for Natural Language Processing},
  booktitle = {IJCAI},
  year      = {1985}
  
}

@article{vaswani2017attention,
  title={Attention is all you need},
  author={Vaswani, Ashish and Shazeer, Noam and Parmar, Niki and Uszkoreit, Jakob and Jones, Llion and Gomez, Aidan N and Kaiser, {\L}ukasz and Polosukhin, Illia},
  journal={Advances in neural information processing systems},
  volume={30},
  year={2017}
}

@inproceedings{peng2016two,
  author    = {Haoruo Peng and
               Dan Roth},
  title     = {Two Discourse Driven Language Models for Semantics},
  booktitle = {ACL},
  year      = {2016}
}

@article{li2019story,
  title={Story Ending Prediction by Transferable BERT},
  author={Li, Zhongyang and Ding, Xiao and Liu, Ting},
  journal={arXiv preprint arXiv:1905.07504},
  year={2019}
}

@inproceedings{pichotta2016using,
  author    = {Karl Pichotta and
               Raymond J. Mooney},
  title     = {Using Sentence-Level {LSTM} Language Models for Script Inference},
  booktitle = {ACL},
  year      = {2016}
  }
  
  @article{hochreiter1997long,
  title={Long short-term memory},
  author={Hochreiter, Sepp and Schmidhuber, J{\"u}rgen},
  journal={Neural computation},
  year={1997},
  publisher={MIT Press}
}


@inproceedings{habernal2018argument,
  title={The Argument Reasoning Comprehension Task: Identification and Reconstruction of Implicit Warrants},
  author={Habernal, Ivan and Wachsmuth, Henning and Gurevych, Iryna and Stein, Benno},
  booktitle={NAACL-HLT},
  pages={1930--1940},
  year={2018}
}
  
  @inproceedings{speer2017conceptnet2,
  author    = {Robert Speer and
               Joanna Lowry{-}Duda},
  title     = {ConceptNet at SemEval-2017 Task 2: Extending Word Embeddings with
               Multilingual Relational Knowledge},
  booktitle = {SemEval@ACL},
  year      = {2017}}
  
  @inproceedings{modi2014inducing,
  title={Inducing neural models of script knowledge},
  author={Modi, Ashutosh and Titov, Ivan},
  booktitle={CoNLL},
  year={2014}
}

@inproceedings{regneri-etal-2010-learning,
    title = "Learning Script Knowledge with Web Experiments",
    author = "Regneri, Michaela  and
      Koller, Alexander  and
      Pinkal, Manfred",
    booktitle = "ACL",
    year = "2010"
}

@inproceedings{modi2016event,
  title={Event embeddings for semantic script modeling},
  author={Modi, Ashutosh},
  booktitle={CoNLL},
  year={2016}
}

@inproceedings{gururangan2018annotation,
  title={Annotation Artifacts in Natural Language Inference Data},
  author={Gururangan, Suchin and Swayamdipta, Swabha and Levy, Omer and Schwartz, Roy and Bowman, Samuel and Smith, Noah A},
  booktitle={NAACL-HLT},
  pages={107--112},
  year={2018}
}

@inproceedings{zellers2018swag,
  title={{SWAG}: A Large-Scale Adversarial Dataset for Grounded Commonsense Inference},
  author={Zellers, Rowan and Bisk, Yonatan and Schwartz, Roy and Choi, Yejin},
  booktitle={EMNLP},
  pages={93--104},
  year={2018}
}

@inproceedings{zhao2018gender,
  title={Gender Bias in Coreference Resolution: Evaluation and Debiasing Methods},
  author={Zhao, Jieyu and Wang, Tianlu and Yatskar, Mark and Ordonez, Vicente and Chang, Kai-Wei},
  booktitle={NAACL},
  year={2018}
}
@inproceedings{schank1975scripts,
  title={Scripts, plans, and knowledge},
  author={Schank, Roger C and Abelson, Robert P},
  booktitle={IJCAI},
  year={1975}
}

@inproceedings{niven2019probing,
  title={Probing Neural Network Comprehension of Natural Language Arguments},
  author={Niven, Timothy and Kao, Hung-Yu},
  booktitle={ACL},
  pages={4658--4664},
  year={2019}
}
%iconip
@inproceedings{bowman2015large,
  title={A large annotated corpus for learning natural language inference},
  author={Bowman, Samuel and Angeli, Gabor and Potts, Christopher and Manning, Christopher D},
  booktitle={EMNLP},
  pages={632--642},
  year={2015}
}

@article{wang2018glue,
  title={{GLUE}: A Multi-Task Benchmark and Analysis Platform for Natural Language Understanding},
  author={Wang, Alex and Singh, Amanpreet and Michael, Julian and Hill, Felix and Levy, Omer and Bowman, Samuel R},
  journal={EMNLP},
  pages={353},
  year={2018}
}

@inproceedings{roemmele2011choice,
  title={Choice of plausible alternatives: An evaluation of commonsense causal reasoning},
  author={Roemmele, Melissa and Bejan, Cosmin Adrian and Gordon, Andrew S},
  booktitle={2011 AAAI Spring Symposium Series},
  year={2011}
}

@inproceedings{lai2017race,
  title={RACE: Large-scale ReAding Comprehension Dataset From Examinations},
  author={Lai, Guokun and Xie, Qizhe and Liu, Hanxiao and Yang, Yiming and Hovy, Eduard},
  booktitle={Proceedings of the 2017 Conference on Empirical Methods in Natural Language Processing},
  pages={785--794},
  year={2017}
}

@inproceedings{naik2018stress,
  title={Stress Test Evaluation for Natural Language Inference},
  author={Naik, Aakanksha and Ravichander, Abhilasha and Sadeh, Norman and Rose, Carolyn and Neubig, Graham},
  booktitle={COLING},
  pages={2340--2353},
  year={2018}
}

@inproceedings{mccoy2019right,
  title={Right for the Wrong Reasons: Diagnosing Syntactic Heuristics in Natural Language Inference},
  author={McCoy, Tom and Pavlick, Ellie and Linzen, Tal},
  booktitle={ACL},
  pages={3428--3448},
  year={2019}
}

@inproceedings{sanchez2018behavior,
  title={Behavior analysis of nli models: Uncovering the influence of three factors on robustness},
  author={Sanchez, Ivan and Mitchell, Jeff and Riedel, Sebastian},
  booktitle={NAACL-HLT},
  pages={1975--1985},
  year={2018}
}

@inproceedings{poliak2018hypothesis,
  title={Hypothesis Only Baselines in Natural Language Inference},
  author={Poliak, Adam and Naradowsky, Jason and Haldar, Aparajita and Rudinger, Rachel and Van Durme, Benjamin},
  booktitle={Proceedings of the Seventh Joint Conference on Lexical and Computational Semantics},
  pages={180--191},
  year={2018}
}

@inproceedings{bras2020adversarial,
  title={Adversarial Filters of Dataset Biases},
  author={Le Bras, Ronan and Swayamdipta, Swabha and Bhagavatula, Chandra and Zellers, Rowan and Peters, Matthew E and Sabharwal, Ashish and Choi, Yejin},
  booktitle={ICML},
  year={2020}
}

@inproceedings{wang2019if,
  title={What if we simply swap the two text fragments? A straightforward yet effective way to test the robustness of methods to confounding signals in nature language inference tasks},
  author={Wang, Haohan and Sun, Da and Xing, Eric P},
  booktitle={Proceedings of the AAAI Conference on Artificial Intelligence},
  volume={33},
  pages={7136--7143},
  year={2019}
}

@article{kavumbabalanced-copa,
  title={Balanced COPA: Countering superficial cues in causal reasoning},
  author={Kavumba, Pride and Inoue, Naoya and Heinzerling, Benjamin and Singh, Keshav and Reisert, Paul and Inui, Kentarou},
  journal={Association for Natural Language Processing},
  year={2020}
}

@inproceedings{schuster2019towards,
  title={Towards Debiasing Fact Verification Models},
  author={Schuster, Tal and Shah, Darsh and Yeo, Yun Jie Serene and Ortiz, Daniel Roberto Filizzola and Santus, Enrico and Barzilay, Regina},
  booktitle={EMNLP-IJCNLP},
  pages={3419--3425},
  year={2019}
}


@inproceedings{yu2020reclor,
  author       = {Weihao Yu and
                  Zihang Jiang and
                  Yanfei Dong and
                  Jiashi Feng},
  title        = {ReClor: {A} Reading Comprehension Dataset Requiring Logical Reasoning},
  booktitle    = {ICLR},
  year         = {2020}
}

@inproceedings{lowe2015ubuntu,
  title={The Ubuntu Dialogue Corpus: A Large Dataset for Research in Unstructured Multi-Turn Dialogue Systems},
  author={Lowe, Ryan and Pow, Nissan and Serban, Iulian Vlad and Pineau, Joelle},
  booktitle={Proceedings of the 16th Annual Meeting of the Special Interest Group on Discourse and Dialogue},
  pages={285--294},
  year={2015}
}

@inproceedings{talmor2019commonsenseqa,
  title={CommonsenseQA: A Question Answering Challenge Targeting Commonsense Knowledge},
  author={Talmor, Alon and Herzig, Jonathan and Lourie, Nicholas and Berant, Jonathan},
  booktitle={NAACL-HLT},
  pages={4149--4158},
  year={2019}
}

@inproceedings{clark2019don,
  title={Don’t Take the Easy Way Out: Ensemble Based Methods for Avoiding Known Dataset Biases},
  author={Clark, Christopher and Yatskar, Mark and Zettlemoyer, Luke},
  booktitle={EMNLP-IJCNLP},
  pages={4060--4073},
  year={2019}
}

@article{he2019unlearn,
  title={Unlearn Dataset Bias in Natural Language Inference by Fitting the Residual},
  author={He, He and Zha, Sheng and Wang, Haohan},
  journal={EMNLP-IJCNLP},
  pages={132},
  year={2019}
}

@article{yaghoobzadeh2019robust,
  title={Robust Natural Language Inference Models with Example Forgetting},
  author={Yaghoobzadeh, Yadollah and Tachet, Remi and Hazen, TJ and Sordoni, Alessandro},
  journal={arXiv preprint arXiv:1911.03861},
  year={2019}
}

@inproceedings{joulin2017bag,
  title={Bag of Tricks for Efficient Text Classification},
  author={Joulin, Armand and Grave, {\'E}douard and Bojanowski, Piotr and Mikolov, Tom{\'a}{\v{s}}},
  booktitle={ECAL},
  pages={427--431},
  year={2017}
}

@inproceedings{peters2018deep,
  title={Deep Contextualized Word Representations},
  author={Peters, Matthew and Neumann, Mark and Iyyer, Mohit and Gardner, Matt and Clark, Christopher and Lee, Kenton and Zettlemoyer, Luke},
  booktitle={NAACL-HLT},
  pages={2227--2237},
  year={2018}
}

@inproceedings{Marco2020acl,
  author    = {Marco T{\'{u}}lio Ribeiro and
               Tongshuang Wu and
               Carlos Guestrin and
               Sameer Singh},
  title     = {Beyond Accuracy: Behavioral Testing of {NLP} Models with CheckList},
  booktitle = {ACL},
  pages     = {4902--4912},
  year      = {2020}
}

%emnlp

@inproceedings{chen2017enhanced,
  title={Enhanced LSTM for Natural Language Inference},
  author={Chen, Qian and Zhu, Xiaodan and Ling, Zhen-Hua and Wei, Si and Jiang, Hui and Inkpen, Diana},
  booktitle={ACL},
  pages={1657--1668},
  year={2017}
}

@proceedings{checklist2020acl,
  editor    = {Dan Jurafsky and
               Joyce Chai and
               Natalie Schluter and
               Joel R. Tetreault},
  title     = {ACL},
  year      = {2020},
}

@article{lin1991divergence,
	title="Divergence measures based on the Shannon entropy",
	author="J. {Lin}",
	journal="IEEE Transactions on Information Theory",
	volume="37",
	number="1",
	pages="145--151",
	year="1991"
}

@article{qin2023chatgpt,
  title={Is chatgpt a general-purpose natural language processing task solver?},
  author={Qin, Chengwei and Zhang, Aston and Zhang, Zhuosheng and Chen, Jiaao and Yasunaga, Michihiro and Yang, Diyi},
  journal={arXiv preprint arXiv:2302.06476},
  year={2023}
}

@article{christiano2017deep,
  title={Deep reinforcement learning from human preferences},
  author={Christiano, Paul F and Leike, Jan and Brown, Tom and Martic, Miljan and Legg, Shane and Amodei, Dario},
  journal={Advances in neural information processing systems},
  volume={30},
  year={2017}
}

@article{kojima2022large,
  title={Large language models are zero-shot reasoners},
  author={Kojima, Takeshi and Gu, Shixiang Shane and Reid, Machel and Matsuo, Yutaka and Iwasawa, Yusuke},
  journal={Advances in neural information processing systems},
  volume={35},
  pages={22199--22213},
  year={2022}
}

@article{ouyang2022training,
  title={Training language models to follow instructions with human feedback},
  author={Ouyang, Long and Wu, Jeffrey and Jiang, Xu and Almeida, Diogo and Wainwright, Carroll and Mishkin, Pamela and Zhang, Chong and Agarwal, Sandhini and Slama, Katarina and Ray, Alex and others},
  journal={Advances in Neural Information Processing Systems},
  volume={35},
  pages={27730--27744},
  year={2022}
}

@inproceedings{williams2018broad,
  title={A Broad-Coverage Challenge Corpus for Sentence Understanding through Inference},
  author={Williams, Adina and Nangia, Nikita and Bowman, Samuel},
  booktitle={NAACL-HLT},
  pages={1112--1122},
  year={2018}
}

@article{liu2019roberta,
  title={Roberta: A robustly optimized bert pretraining approach},
  author={Liu, Yinhan and Ott, Myle and Goyal, Naman and Du, Jingfei and Joshi, Mandar and Chen, Danqi and Levy, Omer and Lewis, Mike and Zettlemoyer, Luke and Stoyanov, Veselin},
  journal={arXiv preprint arXiv:1907.11692},
  year={2019}
}

@article{bellamy2018ai,
  title={AI Fairness 360: An extensible toolkit for detecting, understanding, and mitigating unwanted algorithmic bias},
  author={Bellamy, Rachel KE and Dey, Kuntal and Hind, Michael and Hoffman, Samuel C and Houde, Stephanie and Kannan, Kalapriya and Lohia, Pranay and Martino, Jacquelyn and Mehta, Sameep and Mojsilovic, Aleksandra and others},
  journal={arXiv preprint arXiv:1810.01943},
  year={2018}
}

%coling

@inproceedings{thorne2018fever,
  title={FEVER: a large-scale dataset for fact extraction and VERification},
  author={Thorne, James and Vlachos, Andreas and Christodoulopoulos, CFEVER: a Large-scale Dataset for Fact Extraction and VERificationhristos and Mittal, Arpit},
  booktitle={ACL},
  year={2018}
}

@inproceedings{nie2020adversarial,
  title={Adversarial NLI: A New Benchmark for Natural Language Understanding},
  author={Nie, Yixin and Williams, Adina and Dinan, Emily and Bansal, Mohit and Weston, Jason and Kiela, Douwe},
  booktitle={ACL},
  pages={4885--4901},
  year={2020}
}

@inproceedings{min2020syntactic,
  title={Syntactic Data Augmentation Increases Robustness to Inference Heuristics},
  author={Min, Junghyun and McCoy, R Thomas and Das, Dipanjan and Pitler, Emily and Linzen, Tal},
  booktitle={ACL},
  pages={2339--2352},
  year={2020}
}

@article{perez2017effectiveness,
  title={The effectiveness of data augmentation in image classification using deep learning},
  author={Perez, Luis and Wang, Jason},
  journal={arXiv preprint arXiv:1712.04621},
  year={2017}
}

@inproceedings{belinkov2017synthetic,
  author       = {Yonatan Belinkov and
                  Yonatan Bisk},
  title        = {Synthetic and Natural Noise Both Break Neural Machine Translation},
  booktitle    = {ICLR},
  year         = {2018}
}

@inproceedings{minervini2018adversarially,
  title={Adversarially Regularising Neural NLI Models to Integrate Logical Background Knowledge},
  author={Minervini, Pasquale and Riedel, Sebastian},
  booktitle={Proceedings of the 22nd Conference on Computational Natural Language Learning},
  pages={65--74},
  year={2018}
}

@inproceedings{yanaka2019help,
  title={HELP: A Dataset for Identifying Shortcomings of Neural Models in Monotonicity Reasoning},
  author={Yanaka, Hitomi and Mineshima, Koji and Bekki, Daisuke and Inui, Kentaro and Sekine, Satoshi and Abzianidze, Lasha and Bos, Johan},
  booktitle={Proceedings of the Eighth Joint Conference on Lexical and Computational Semantics (* SEM 2019)},
  year={2019}
}

@inproceedings{jia2017adversarial,
  title={Adversarial Examples for Evaluating Reading Comprehension Systems},
  author={Jia, Robin and Liang, Percy},
  booktitle={EMNLP},
  pages={2021--2031},
  year={2017}
}

@inproceedings{ribeiro2018semantically,
  title={Semantically equivalent adversarial rules for debugging nlp models},
  author={Ribeiro, Marco Tulio and Singh, Sameer and Guestrin, Carlos},
  booktitle={ACL},
  pages={856--865},
  year={2018}
}

@inproceedings{iyyer2018adversarial,
  title={Adversarial Example Generation with Syntactically Controlled Paraphrase Networks},
  author={Iyyer, Mohit and Wieting, John and Gimpel, Kevin and Zettlemoyer, Luke},
  booktitle={NAACL-HLT},
  year={2018}
}

@inproceedings{liu2019inoculation,
  title={Inoculation by Fine-Tuning: A Method for Analyzing Challenge Datasets},
  author={Liu, Nelson F and Schwartz, Roy and Smith, Noah A},
  booktitle={NAACL-HLT},
  year={2019}
}

%ecai

@article{goldberg2019assessing,
  title={Assessing BERT's syntactic abilities},
  author={Goldberg, Yoav},
  journal={arXiv preprint arXiv:1901.05287},
  year={2019}
}

@inproceedings{clark2019does,
  title={What Does BERT Look at? An Analysis of BERT’s Attention},
  author={Clark, Kevin and Khandelwal, Urvashi and Levy, Omer and Manning, Christopher D},
  booktitle={Proceedings of the 2019 ACL Workshop BlackboxNLP: Analyzing and Interpreting Neural Networks for NLP},
  pages={276--286},
  year={2019}
}

@inproceedings{liu2019linguistic,
  title={Linguistic Knowledge and Transferability of Contextual Representations},
  author={Liu, Nelson F and Gardner, Matt and Belinkov, Yonatan and Peters, Matthew E and Smith, Noah A},
  booktitle={NAACL-HLT},
  pages={1073--1094},
  year={2019}
}

@inproceedings{tenney2019you,
  title={What do you learn from context? Probing for sentence structure in contextualized word representations},
  author={Tenney, Ian and Xia, Patrick and Chen, Berlin and Wang, Alex and Poliak, Adam and McCoy, R Thomas and Kim, Najoung and Van Durme, Benjamin and Bowman, Samuel R and Das, Dipanjan and others},
  booktitle={ICLR},
  year={2019}
}

@inproceedings{abdou2020sensitivity,
  title={The Sensitivity of Language Models and Humans to Winograd Schema Perturbations},
  author={Abdou, Mostafa and Ravishankar, Vinit and Barrett, Maria and Belinkov, Yonatan and Elliott, Desmond and S{\o}gaard, Anders},
  booktitle={ACL},
  pages={7590--7604},
  year={2020}
}

@inproceedings{yang2019xlnet,
  title={XLNet: generalized autoregressive pretraining for language understanding},
  author={Yang, Zhilin and Dai, Zihang and Yang, Yiming and Carbonell, Jaime and Salakhutdinov, Ruslan and Le, Quoc V},
  booktitle={NIPS},
  pages={5753--5763},
  year={2019}
}

@inproceedings{xie2020unsupervised,
  title={Unsupervised data augmentation for consistency training},
  author={Xie, Qizhe and Dai, Zihang and Hovy, Eduard and Luong, Minh-Thang and Le, Quoc V},
  booktitle={Proceedings of the 34th International Conference on Neural Information Processing Systems},
  pages={6256--6268},
  year={2020}
}

@inproceedings{vig2019multiscale,
  title={A Multiscale Visualization of Attention in the Transformer Model},
  author={Vig, Jesse},
  booktitle={Proceedings of the 57th Annual Meeting of the Association for Computational Linguistics: System Demonstrations},
  pages={37--42},
  year={2019}
}

@inproceedings{kavumba2019choosing,
  title={When Choosing Plausible Alternatives, Clever Hans can be Clever},
  author={Kavumba, Pride and Inoue, Naoya and Heinzerling, Benjamin and Singh, Keshav and Reisert, Paul and Inui, Kentaro},
  booktitle={Proceedings of the First Workshop on Commonsense Inference in Natural Language Processing},
  pages={33--42},
  year={2019}
}

@inproceedings{sennrich2016improving,
  title={Improving Neural Machine Translation Models with Monolingual Data},
  author={Sennrich, Rico and Haddow, Barry and Birch, Alexandra},
  booktitle={ACL},
  pages={86--96},
  year={2016}
}

@article{cubuk2018autoaugment,
  title={Autoaugment: Learning augmentation policies from data},
  author={Cubuk, Ekin D and Zoph, Barret and Mane, Dandelion and Vasudevan, Vijay and Le, Quoc V},
  journal={arXiv preprint arXiv:1805.09501},
  year={2018}
}

@inproceedings{cubuk2020randaugment,
  title={Randaugment: Practical automated data augmentation with a reduced search space},
  author={Cubuk, Ekin D and Zoph, Barret and Shlens, Jonathon and Le, Quoc V},
  booktitle={Proceedings of the IEEE/CVF Conference on Computer Vision and Pattern Recognition Workshops},
  pages={702--703},
  year={2020}
}

@article{zhang2017mixup,
  title={mixup: Beyond empirical risk minimization},
  author={Zhang, Hongyi and Cisse, Moustapha and Dauphin, Yann N and Lopez-Paz, David},
  journal={ICLR},
  year={2017}
}

@article{belinkov2019analysis,
  title={Analysis methods in neural language processing: A survey},
  author={Belinkov, Yonatan and Glass, James},
  journal={Transactions of the Association for Computational Linguistics},
  volume={7},
  pages={49--72},
  year={2019},
  publisher={MIT Press}
}

@inproceedings{feng2021survey,
  title={A Survey of Data Augmentation Approaches for NLP},
  author={Feng, Steven Y and Gangal, Varun and Wei, Jason and Chandar, Sarath and Vosoughi, Soroush and Mitamura, Teruko and Hovy, Eduard},
  booktitle={Findings of the Association for Computational Linguistics: ACL-IJCNLP 2021},
  pages={968--988},
  year={2021}
}

@article{liu2020multilingual,
  title={Multilingual Denoising Pre-training for Neural Machine Translation},
  author={Liu, Yinhan and Gu, Jiatao and Goyal, Naman and Li, Xian and Edunov, Sergey and Ghazvininejad, Marjan and Lewis, Mike and Zettlemoyer, Luke},
  journal={Transactions of the Association for Computational Linguistics},
  volume={8},
  pages={726--742},
  year={2020}
}

@inproceedings{kumar2020data,
  title={Data Augmentation using Pre-trained Transformer Models},
  author={Kumar, Varun and Choudhary, Ashutosh and Cho, Eunah},
  booktitle={Proceedings of the 2nd Workshop on Life-long Learning for Spoken Language Systems},
  pages={18--26},
  year={2020}
}

@inproceedings{joshi2022all,
  title={Are All Spurious Features in Natural Language Alike? An Analysis through a Causal Lens},
  author={Joshi, Nitish and Pan, Xiang and He, He},
  booktitle={EMNLP},
  pages={9804--9817},
  year={2022}
}

@inproceedings{huang20story,
  title={Enhanced story representation by conceptnet for predicting story endings},
  author={Huang, Shanshan and Zhu, Kenny Q. and Liao, Qianzi and Shen, Libin and Zhao, Yinggong},
  booktitle={CIKM},
  pages={3277--3280},
  year={2020}
}

@inproceedings{luo2016commonsense,
  title={Commonsense causal reasoning between short texts},
  author={Luo, Zhiyi and Sha, Yuchen and Zhu, Kenny Q. and Hwang, Seung-won and Wang, Zhongyuan},
  booktitle={Fifteenth international conference on the principles of knowledge representation and reasoning},
  year={2016}
}

@article{izmailov2022feature,
  title={On feature learning in the presence of spurious correlations},
  author={Izmailov, Pavel and Kirichenko, Polina and Gruver, Nate and Wilson, Andrew G},
  journal={NIPS},
  volume={35},
  pages={38516--38532},
  year={2022}
}

%绪论

@inproceedings{giampiccolo2008fourth,
  title={The Fourth PASCAL Recognizing Textual Entailment Challenge.},
  author={Giampiccolo, Danilo and Dang, Hoa Trang and Magnini, Bernardo and Dagan, Ido and Cabrio, Elena and Dolan, Bill},
  booktitle={TAC},
  year={2008}
}

@article{bentivogli2009fifth,
  title={The Fifth PASCAL Recognizing Textual Entailment Challenge.},
  author={Bentivogli, Luisa and Clark, Peter and Dagan, Ido and Giampiccolo, Danilo},
  journal={TAC},
  volume={7},
  pages={8},
  year={2009},
  publisher={Citeseer}
}

@inproceedings{rajpurkar2016squad,
  title={SQuAD: 100,000+ Questions for Machine Comprehension of Text},
  author={Rajpurkar, Pranav and Zhang, Jian and Lopyrev, Konstantin and Liang, Percy},
  booktitle={EMNLP},
  pages={2383--2392},
  year={2016}
}

@article{morgenstern2016planning,
  title={Planning, executing, and evaluating the winograd schema challenge},
  author={Morgenstern, Leora and Davis, Ernest and Ortiz, Charles L},
  journal={AI Magazine},
  volume={37},
  number={1},
  pages={50--54},
  year={2016}
}

@article{davis2017first,
  title={The First Winograd Schema Challenge at IJCAI-16},
  author={Davis, Ernest and Morgenstern, Leora and Ortiz Jr, Charles L},
  journal={AI Magazine},
  volume={38},
  number={3},
  pages={97--98},
  year={2017},
  publisher={Wiley Online Library}
}

@inproceedings{dagan2005pascal,
  title={The pascal recognising textual entailment challenge},
  author={Dagan, Ido and Glickman, Oren and Magnini, Bernardo},
  booktitle={Machine learning challenges workshop},
  pages={177--190},
  year={2005},
  organization={Springer}
}

@article{davis2015commonsense,
  title={Commonsense reasoning and commonsense knowledge in artificial intelligence},
  author={Davis, Ernest and Marcus, Gary},
  journal={Communications of the ACM},
  volume={58},
  number={9},
  pages={92--103},
  year={2015},
  publisher={ACM New York, NY, USA}
}

@inproceedings{weston2016towards,
  title={Towards AI-complete question answering: A set of prerequisite toy tasks},
  author={Weston, Jason and Bordes, Antoine and Chopra, Sumit and Rush, Alexander M and Van Merri{\"e}nboer, Bart and Joulin, Armand and Mikolov, Tomas},
  booktitle={ICLR},
  year={2016}
}

@inproceedings{white2017inference,
  title={Inference is everything: Recasting semantic resources into a unified evaluation framework},
  author={White, Aaron Steven and Rastogi, Pushpendre and Duh, Kevin and Van Durme, Benjamin},
  booktitle={Proceedings of the Eighth International Joint Conference on Natural Language Processing (Volume 1: Long Papers)},
  pages={996--1005},
  year={2017}
}

@article{storks2019recent,
  title={Recent advances in natural language inference: A survey of benchmarks, resources, and approaches},
  author={Storks, Shane and Gao, Qiaozi and Chai, Joyce Y},
  journal={arXiv preprint arXiv:1904.01172},
  year={2019}
}

@book{smith1989prior,
  title={Prior analytics},
  author={Smith, Robin and others},
  year={1989},
  publisher={Hackett Publishing}
}

@book{de1847formal,
  title={Formal logic: or, the calculus of inference, necessary and probable},
  author={De Morgan, Augustus},
  year={1847},
  publisher={Taylor and Walton}
}

@book{boole1854investigation,
  title={An investigation of the laws of thought on which are founded the mathematical theories of logic and probabilities by george boole},
  author={Boole, George},
  year={1854},
  publisher={Walton and Maberly}
}

@misc{mccarthy1959programs,
  title={Programs with common sense},
  author={McCarthy, John},
  year={1959},
  publisher={MIT Press}
}

@article{lakoff1970linguistics,
  title={Linguistics and natural logic},
  author={Lakoff, George},
  journal={Synthese},
  volume={22},
  number={1-2},
  pages={151--271},
  year={1970},
  publisher={Springer}
}

@incollection{peirce1883theory,
  title={A theory of probable inference.},
  author={Peirce, CS},
  booktitle={Studies in logic by members of the Johns Hopkins University.},
  pages={126--181},
  year={1883},
  publisher={Little, Brown and Co}
}

@misc{dechter2013reasoning,
  title={Reasoning with Probabilistic and Deterministic Graphical Models: Exact Algorithms},
  author={Dechter, Rina},
  year={2013},
  publisher={Morgan \& Claypool Publishers}
}

@inproceedings{raina2005robust,
  title={Robust textual inference via learning and abductive reasoning},
  author={Raina, Rajat and Ng, Andrew Y and Manning, Christopher D},
  booktitle={AAAI},
  pages={1099--1105},
  year={2005}
}

@inproceedings{gordon2016commonsense,
  title={Commonsense interpretation of triangle behavior},
  author={Gordon, Andrew},
  booktitle={Proceedings of the AAAI Conference on Artificial Intelligence},
  year={2016}
}

@inproceedings{kamath2018survey,
  title={A Survey on Semantic Parsing},
  author={Kamath, Aishwarya and Das, Rajarshi},
  booktitle={Automated Knowledge Base Construction (AKBC)},
  year={2018}
}

@inproceedings{ng2000machine,
  title={A machine learning approach to answering questions for reading comprehension tests},
  author={Ng, Hwee Tou and Teo, Leong Hwee and Kwan, Jennifer Lai Pheng},
  booktitle={2000 Joint SIGDAT Conference on Empirical Methods in Natural Language Processing and Very Large Corpora},
  pages={124--132},
  year={2000}
}

@book{glickman2006applied,
  title={Applied textual entailment},
  author={Glickman, Oren},
  year={2006},
  publisher={Citeseer}
}

@inproceedings{haim2006second,
  title={The second pascal recognising textual entailment challenge},
  author={Haim, R Bar and Dagan, Ido and Dolan, Bill and Ferro, Lisa and Giampiccolo, Danilo and Magnini, Bernardo and Szpektor, Idan},
  booktitle={Proceedings of the Second PASCAL Challenges Workshop on Recognising Textual Entailment},
  volume={7},
  pages={785--794},
  year={2006}
}

@inproceedings{lai2014illinois,
  title={Illinois-lh: A denotational and distributional approach to semantics},
  author={Lai, Alice and Hockenmaier, Julia},
  booktitle={Proceedings of the 8th International Workshop on Semantic Evaluation (SemEval 2014)},
  pages={329--334},
  year={2014}
}

@inproceedings{bowman2016fast,
  title={A Fast Unified Model for Parsing and Sentence Understanding},
  author={Bowman, Samuel and Gauthier, Jon and Rastogi, Abhinav and Gupta, Raghav and Manning, Christopher D and Potts, Christopher},
  booktitle={Proceedings of the 54th Annual Meeting of the Association for Computational Linguistics (Volume 1: Long Papers)},
  pages={1466--1477},
  year={2016}
}

@inproceedings{munkhdalai2017neural,
  title={Neural Tree Indexers for Text Understanding},
  author={Munkhdalai, Tsendsuren and Yu, Hong},
  booktitle={Proceedings of the 15th Conference of the European Chapter of the Association for Computational Linguistics: Volume 1, Long Papers},
  pages={11--21},
  year={2017}
}

@inproceedings{wang2022measure,
  title={Measure and Improve Robustness in NLP Models: A Survey},
  author={Wang, Xuezhi and Wang, Haohan and Yang, Diyi},
  booktitle={NAACL-HLT},
  pages={4569--4586},
  year={2022}
}

@inproceedings{szegedy2014intriguing,
  title={Intriguing properties of neural networks},
  author={Szegedy, Christian and Zaremba, Wojciech and Sutskever, Ilya and Bruna, Joan and Erhan, Dumitru and Goodfellow, Ian and Fergus, Rob},
  booktitle={ICLR},
  year={2014}
}

@inproceedings{goodfellow2014explaining,
  author       = {Ian J. Goodfellow and
                  Jonathon Shlens and
                  Christian Szegedy},
  editor       = {Yoshua Bengio and
                  Yann LeCun},
  title        = {Explaining and Harnessing Adversarial Examples},
  booktitle    = {ICLR},
  year         = {2015}
}

@inproceedings{tan2020s,
  title={It’s Morphin’Time! Combating Linguistic Discrimination with Inflectional Perturbations},
  author={Tan, Samson and Joty, Shafiq and Kan, Min-Yen and Socher, Richard},
  booktitle={ACL},
  pages={2920--2935},
  year={2020}
}

@article{schwinn2023exploring,
  title={Exploring misclassifications of robust neural networks to enhance adversarial attacks},
  author={Schwinn, Leo and Raab, Ren{\'e} and Nguyen, An and Zanca, Dario and Eskofier, Bjoern},
  journal={Applied Intelligence},
  pages={1--17},
  year={2023},
  publisher={Springer}
}

@inproceedings{boucher2022bad,
  title={Bad characters: Imperceptible nlp attacks},
  author={Boucher, Nicholas and Shumailov, Ilia and Anderson, Ross and Papernot, Nicolas},
  booktitle={2022 IEEE Symposium on Security and Privacy (SP)},
  pages={1987--2004},
  year={2022},
  organization={IEEE}
}

@inproceedings{lin2020birds,
  title={Birds have four legs?! NumerSense: Probing Numerical Commonsense Knowledge of Pre-Trained Language Models},
  author={Lin, Bill Yuchen and Lee, Seyeon and Khanna, Rahul and Ren, Xiang},
  booktitle={EMNLP},
  pages={6862--6868},
  year={2020}
}

@inproceedings{peng2022copen,
  title={COPEN: Probing Conceptual Knowledge in Pre-trained Language Models},
  author={Peng, Hao and Wang, Xiaozhi and Hu, Shengding and Jin, Hailong and Hou, Lei and Li, Juanzi and Liu, Zhiyuan and Liu, Qun},
  booktitle={EMNLP},
  pages={5015--5035},
  year={2022}
}

@inproceedings{blodgett2016demographic,
  title={Demographic Dialectal Variation in Social Media: A Case Study of African-American English},
  author={Blodgett, Su Lin and Green, Lisa and O’Connor, Brendan},
  booktitle={EMNLP},
  pages={1119--1130},
  year={2016}
}

@inproceedings{demszky2021learning,
  title={Learning to Recognize Dialect Features},
  author={Demszky, Dorottya and Sharma, Devyani and Clark, Jonathan H and Prabhakaran, Vinodkumar and Eisenstein, Jacob},
  booktitle={NAACL-HLT},
  pages={2315--2338},
  year={2021}
}

@article{tu2020empirical,
  title={An empirical study on robustness to spurious correlations using pre-trained language models},
  author={Tu, Lifu and Lalwani, Garima and Gella, Spandana and He, He},
  journal={TACL},
  volume={8},
  pages={621--633},
  year={2020},
  publisher={MIT Press One Rogers Street, Cambridge, MA 02142-1209, USA journals-info~…}
}

@inproceedings{sagawa2020investigation,
  title={An investigation of why overparameterization exacerbates spurious correlations},
  author={Sagawa, Shiori and Raghunathan, Aditi and Koh, Pang Wei and Liang, Percy},
  booktitle={ICML},
  pages={8346--8356},
  year={2020}
}

@article{geirhos2020shortcut,
  title={Shortcut learning in deep neural networks},
  author={Geirhos, Robert and Jacobsen, J{\"o}rn-Henrik and Michaelis, Claudio and Zemel, Richard and Brendel, Wieland and Bethge, Matthias and Wichmann, Felix A},
  journal={Nature Machine Intelligence},
  volume={2},
  number={11},
  pages={665--673},
  year={2020},
  publisher={Nature Publishing Group UK London}
}

@inproceedings{qu2020coda,
  title={CoDA: Contrast-enhanced and Diversity-promoting Data Augmentation for Natural Language Understanding},
  author={Qu, Yanru and Shen, Dinghan and Shen, Yelong and Sajeev, Sandra and Chen, Weizhu and Han, Jiawei},
  booktitle={ICLR},
  year={2020}
}

@inproceedings{edunov2018understanding,
  title={Understanding Back-Translation at Scale},
  author={Edunov, Sergey and Ott, Myle and Auli, Michael and Grangier, David},
  booktitle={EMNLP},
  pages={489--500},
  year={2018}
}

@inproceedings{wu2019conditional,
  title={Conditional BERT Contextual Augmentation},
  author={Wu, Xing and Lv, Shangwen and Zang, Liangjun and Han, Jizhong and Hu, Songlin},
  booktitle={International Conference on Computational Science},
  pages={84--95},
  year={2019}
}

@article{guo2019augmenting,
  title={Augmenting data with mixup for sentence classification: An empirical study},
  author={Guo, Hongyu and Mao, Yongyi and Zhang, Richong},
  journal={arXiv preprint arXiv:1905.08941},
  year={2019}
}

@inproceedings{chen2020mixtext,
  title={MixText: Linguistically-Informed Interpolation of Hidden Space for Semi-Supervised Text Classification},
  author={Chen, Jiaao and Yang, Zichao and Yang, Diyi},
  booktitle={ACL},
  pages={2147--2157},
  year={2020}
}

@article{shen2020simple,
  title={A simple but tough-to-beat data augmentation approach for natural language understanding and generation},
  author={Shen, Dinghan and Zheng, Mingzhi and Shen, Yelong and Qu, Yanru and Chen, Weizhu},
  journal={arXiv preprint arXiv:2009.13818},
  year={2020}
}

@inproceedings{zhu2019freelb,
  title={FreeLB: Enhanced Adversarial Training for Natural Language Understanding},
  author={Zhu, Chen and Cheng, Yu and Gan, Zhe and Sun, Siqi and Goldstein, Tom and Liu, Jingjing},
  booktitle={ICLR},
  year={2019}
}

@inproceedings{jiang2020smart,
  title={SMART: Robust and Efficient Fine-Tuning for Pre-trained Natural Language Models through Principled Regularized Optimization},
  author={Jiang, Haoming and He, Pengcheng and Chen, Weizhu and Liu, Xiaodong and Gao, Jianfeng and Zhao, Tuo},
  booktitle={ACL},
  pages={2177--2190},
  year={2020}
}

@inproceedings{jin2020bert,
  title={Is bert really robust? a strong baseline for natural language attack on text classification and entailment},
  author={Jin, Di and Jin, Zhijing and Zhou, Joey Tianyi and Szolovits, Peter},
  booktitle={AAAI},
  volume={34},
  number={05},
  pages={8018--8025},
  year={2020}
}

@inproceedings{ebrahimi2018hotflip,
  title={HotFlip: White-Box Adversarial Examples for Text Classification},
  author={Ebrahimi, Javid and Rao, Anyi and Lowd, Daniel and Dou, Dejing},
  booktitle={ACL},
  pages={31--36},
  year={2018}
}

@inproceedings{belinkov2018synthetic,
  title={Synthetic and Natural Noise Both Break Neural Machine Translation},
  author={Belinkov, Yonatan and Bisk, Yonatan},
  booktitle={International Conference on Learning Representations},
  year={2018}
}

@inproceedings{hendrycks2020pretrained,
  title={Pretrained Transformers Improve Out-of-Distribution Robustness},
  author={Hendrycks, Dan and Liu, Xiaoyuan and Wallace, Eric and Dziedzic, Adam and Krishnan, Rishabh and Song, Dawn},
  booktitle={ACL},
  pages={2744--2751},
  year={2020}
}

@inproceedings{huangacombating,
  author       = {Shanshan Huang and
                  Siyu Ren and
                  Kenny Q. Zhu},
  editor       = {Kobi Gal and
                  Ann Now{\'{e}} and
                  Grzegorz J. Nalepa and
                  Roy Fairstein and
                  Roxana Radulescu},
  title        = {Combating Short Circuit Behavior in Natural Language Reasoning: Crossover
                  and Mutation Operations for Enhanced Robustness},
  booktitle    = {ECAI},
  series       = {Frontiers in Artificial Intelligence and Applications},
  volume       = {372},
  pages        = {1092--1099},
  publisher    = {{IOS} Press},
  year         = {2023},
}

@inproceedings{lewis2021question,
  title={Question and Answer Test-Train Overlap in Open-Domain Question Answering Datasets},
  author={Lewis, Patrick and Stenetorp, Pontus and Riedel, Sebastian},
  booktitle={EACL},
  pages={1000--1008},
  year={2021}
}

@inproceedings{jain2019attention,
  title={Attention is not Explanation},
  author={Jain, Sarthak and Wallace, Byron C},
  booktitle={NAACL-HLT},
  pages={3543--3556},
  year={2019}
}

@article{radford2019language,
  title={Language models are unsupervised multitask learners},
  author={Radford, Alec and Wu, Jeffrey and Child, Rewon and Luan, David and Amodei, Dario and Sutskever, Ilya and others},
  booktitle={OpenAI blog},
  year={2019}
}

@article{brown2020language,
  title={Language models are few-shot learners},
  author={Brown, Tom and Mann, Benjamin and Ryder, Nick and Subbiah, Melanie and Kaplan, Jared D and Dhariwal, Prafulla and Neelakantan, Arvind and Shyam, Pranav and Sastry, Girish and Askell, Amanda and others},
  journal={Advances in neural information processing systems},
  volume={33},
  pages={1877--1901},
  year={2020}
}

@inproceedings{rajpurkar2018know,
  title={Know What You Don’t Know: Unanswerable Questions for SQuAD},
  author={Rajpurkar, Pranav and Jia, Robin and Liang, Percy},
  booktitle={ACL},
  pages={784--789},
  year={2018}
}

@inproceedings{cho2014learning,
  title={Learning Phrase Representations using RNN Encoder--Decoder for Statistical Machine Translation},
  author={Cho, Kyunghyun and van Merrienboer, Bart and Gulcehre, Caglar and Bahdanau, Dzmitry and Bougares, Fethi and Schwenk, Holger and Bengio, Yoshua},
  booktitle={EMNLP},
  pages={1724},
  year={2014},
  organization={Association for Computational Linguistics}
}

@article{mikolov2013efficient,
  title={Efficient estimation of word representations in vector space},
  author={Mikolov, Tomas and Chen, Kai and Corrado, Greg and Dean, Jeffrey},
  journal={arXiv preprint arXiv:1301.3781},
  year={2013}
}

@inproceedings{howard2018universal,
  title={Universal Language Model Fine-tuning for Text Classification},
  author={Howard, Jeremy and Ruder, Sebastian},
  booktitle={Proceedings of the 56th Annual Meeting of the Association for Computational Linguistics (Volume 1: Long Papers)},
  pages={328--339},
  year={2018}
}

@inproceedings{xie2018large,
  title={Large-scale Cloze Test Dataset Created by Teachers},
  author={Xie, Qizhe and Lai, Guokun and Dai, Zihang and Hovy, Eduard},
  booktitle={EMNLP},
  pages={2344--2356},
  year={2018}
}

@article{sun2019dream,
  title={DREAM: A Challenge Data Set and Models for Dialogue-Based Reading Comprehension},
  author={Sun, Kai and Yu, Dian and Chen, Jianshu and Yu, Dong and Choi, Yejin and Cardie, Claire},
  journal={TACL},
  volume={7},
  pages={217--231},
  year={2019}
}

@inproceedings{mihaylov2018can,
  title={Can a Suit of Armor Conduct Electricity? A New Dataset for Open Book Question Answering},
  author={Mihaylov, Todor and Clark, Peter and Khot, Tushar and Sabharwal, Ashish},
  booktitle={EMNLP},
  pages={2381--2391},
  year={2018}
}

@inproceedings{dai2019transformer,
  title={Transformer-XL: Attentive Language Models beyond a Fixed-Length Context},
  author={Dai, Zihang and Yang, Zhilin and Yang, Yiming and Carbonell, Jaime G and Le, Quoc and Salakhutdinov, Ruslan},
  booktitle={ACL},
  pages={2978--2988},
  year={2019}
}