@inproceedings{luo2016commonsense,
  title={Commonsense Causal Reasoning between Short Texts.},
  author={Luo, Zhiyi and Sha, Yuchen and Zhu, Kenny Q and Hwang, Seung-won and Wang, Zhongyuan},
  booktitle={KR},
  pages={421--431},
  year={2016}
}

@inproceedings{roemmele2011choice,
	title={Choice of Plausible Alternatives: An Evaluation of Commonsense Causal Reasoning.},
	author={Roemmele, Melissa and Bejan, Cosmin Adrian and Gordon, Andrew S},
	booktitle={AAAI Spring Symposium: Logical Formalizations of Commonsense Reasoning},
	pages={90--95},
	year={2011}
}

@inproceedings{mikolov2013distributed,
	title={Distributed representations of words and phrases and their compositionality},
	author={Mikolov, Tomas and Sutskever, Ilya and Chen, Kai and Corrado, Greg S and Dean, Jeff},
	booktitle={Advances in neural information processing systems},
	pages={3111--3119},
	year={2013}
}

@inproceedings{singh2002open,
	title={Open Mind Common Sense: Knowledge acquisition from the general public},
	author={Singh, Push and Lin, Thomas and Mueller, Erik T and Lim, Grace and Perkins, Travell and Zhu, Wan Li},
	booktitle={OTM Confederated International Conferences" On the Move to Meaningful Internet Systems"},
	pages={1223--1237},
	year={2002},
	organization={Springer}
}

@article{mitra2016dual,
	title={A dual embedding space model for document ranking},
	author={Mitra, Bhaskar and Nalisnick, Eric and Craswell, Nick and Caruana, Rich},
	journal={arXiv preprint arXiv:1602.01137},
	year={2016}
}

@article{schakel2015measuring,
	title={Measuring word significance using distributed representations of words},
	author={Schakel, Adriaan MJ and Wilson, Benjamin J},
	journal={arXiv preprint arXiv:1508.02297},
	year={2015}
}

@InProceedings{manning-EtAl:2014:P14-5,
	author    = {Manning, Christopher D. and  Surdeanu, Mihai  and  Bauer, John  and  Finkel, Jenny  and  Bethard, Steven J. and  McClosky, David},
	title     = {The {Stanford} {CoreNLP} Natural Language Processing Toolkit},
	booktitle = {Association for Computational Linguistics (ACL) System Demonstrations},
	year      = {2014},
	pages     = {55--60},
	url       = {http://www.aclweb.org/anthology/P/P14/P14-5010}
}

@book{bird2009natural,
	title={Natural language processing with Python: analyzing text with the natural language toolkit},
	author={Bird, Steven and Klein, Ewan and Loper, Edward},
	year={2009},
	publisher={" O'Reilly Media, Inc."}
}

@article{nelson2004university,
	title={The University of South Florida free association, rhyme, and word fragment norms},
	author={Nelson, Douglas L and McEvoy, Cathy L and Schreiber, Thomas A},
	journal={Behavior Research Methods, Instruments, \& Computers},
	volume={36},
	number={3},
	pages={402--407},
	year={2004},
	publisher={Springer}
}