@inproceedings{ganitkevitch2013ppdb,
  title={PPDB: The Paraphrase Database.},
  author={Ganitkevitch, Juri and Van Durme, Benjamin and Callison-Burch, Chris},
  booktitle={HLT-NAACL},
  pages={758--764},
  year={2013}
}

@inproceedings{harabagiu2006methods,
  title={Methods for using textual entailment in open-domain question answering},
  author={Harabagiu, Sanda and Hickl, Andrew},
  booktitle={Proceedings of the 21st ICCL and the 44th annual meeting of the ACL},
  pages={905--912},
  year={2006},
  organization={Association for Computational Linguistics}
}

@inproceedings{romano2006investigating,
  title={Investigating a Generic Paraphrase-Based Approach for Relation Extraction.},
  author={Romano, Lorenza and Kouylekov, Milen and Szpektor, Idan and Dagan, Ido and Lavelli, Alberto},
  booktitle={EACL},
  year={2006}
}

@inproceedings{berant2014semantic,
  title={Semantic Parsing via Paraphrasing.},
  author={Berant, Jonathan and Liang, Percy},
  booktitle={ACL (1)},
  pages={1415--1425},
  year={2014}
}

@inproceedings{zou2014natural,
  title={Natural language question answering over RDF: a graph data driven approach},
  author={Zou, Lei and Huang, Ruizhe and Wang, Haixun and Yu, Jeffer Xu and He, Wenqiang and Zhao, Dongyan},
  booktitle={Proceedings of the 2014 ACM SIGMOD international conference on Management of data},
  pages={313--324},
  year={2014},
  organization={ACM}
}

@article{bordes2014question,
  title={Question answering with subgraph embeddings},
  author={Bordes, Antoine and Chopra, Sumit and Weston, Jason},
  journal={arXiv preprint arXiv:1406.3676},
  year={2014}
}

@inproceedings{fader2013paraphrase,
  title={Paraphrase-Driven Learning for Open Question Answering.},
  author={Fader, Anthony and Zettlemoyer, Luke S and Etzioni, Oren},
  booktitle={ACL (1)},
  pages={1608--1618},
  year={2013},
  organization={Citeseer}
}

@inproceedings{zhang2012ontological,
  title={Ontological Smoothing for Relation Extraction with Minimal Supervision.},
  author={Zhang, Congle and Hoffmann, Raphael and Weld, Daniel S},
  booktitle={AAAI},
  year={2012}
}

@inproceedings{lao2011random,
  title={Random walk inference and learning in a large scale knowledge base},
  author={Lao, Ni and Mitchell, Tom and Cohen, William W},
  booktitle={Proceedings of the Conference on EMNLP},
  pages={529--539},
  year={2011},
  organization={Association for Computational Linguistics}
}

@inproceedings{carlson2010toward,
  title={Toward an Architecture for Never-Ending Language Learning.},
  author={Carlson, Andrew and Betteridge, Justin and Kisiel, Bryan and Settles, Burr and Hruschka Jr, Estevam R and Mitchell, Tom M},
  booktitle={AAAI},
  volume={5},
  pages={3},
  year={2010}
}

@article{reddy2014large,
  title={Large-scale semantic parsing without question-answer pairs},
  author={Reddy, Siva and Lapata, Mirella and Steedman, Mark},
  journal={Transactions of the Association for Computational Linguistics},
  volume={2},
  pages={377--392},
  year={2014}
}

@inproceedings{berant2013semantic,
  title={Semantic Parsing on Freebase from Question-Answer Pairs.},
  author={Berant, Jonathan and Chou, Andrew and Frostig, Roy and Liang, Percy},
  booktitle={EMNLP},
  volume={2},
  number={5},
  pages={6},
  year={2013}
}

@inproceedings{kwiatkowski2013scaling,
  title={Scaling semantic parsers with on-the-fly ontology matching},
  author={Kwiatkowski, Tom and Choi, Eunsol and Artzi, Yoav and Zettlemoyer, Luke},
  booktitle={In Proceedings of EMNLP. Percy},
  year={2013},
  organization={Citeseer}
}

@incollection{an2006discovering,
  title={Discovering the semantics of relational tables through mappings},
  author={An, Yuan and Borgida, Alex and Mylopoulos, John},
  booktitle={Journal on Data Semantics VII},
  pages={1--32},
  year={2006},
  publisher={Springer}
}

@article{gardner2015efficient,
  title={Efficient and Expressive Knowledge Base Completion Using Subgraph Feature Extraction},
  author={Gardner, Matt and Mitchell, Tom},
  journal={Proceedings of EMNLP. Association for Computational Linguistics},
  volume={3},
  year={2015}
}

@article{gardner2014incorporating,
  title={Incorporating vector space similarity in random walk inference over knowledge bases},
  author={Gardner, Matt and Talukdar, Partha Pratim and Krishnamurthy, Jayant and Mitchell, Tom},
  year={2014}
}

@book{grunwald2007minimum,
  title={The minimum description length principle},
  author={Gr{\"u}nwald, Peter D},
  year={2007},
  publisher={MIT press}
}

@inproceedings{fisher2008dirt,
  title={From dirt to shovels: fully automatic tool generation from ad hoc data},
  author={Fisher, Kathleen and Walker, David and Zhu, Kenny Q and White, Peter},
  booktitle={ACM SIGPLAN Notices},
  volume={43},
  number={1},
  pages={421--434},
  year={2008},
  organization={ACM}
}

@book{auer2007dbpedia,
  title={Dbpedia: A nucleus for a web of open data},
  author={Auer, S{\"o}ren and Bizer, Christian and Kobilarov, Georgi and Lehmann, Jens and Cyganiak, Richard and Ives, Zachary},
  year={2007},
  publisher={Springer}
}

@inproceedings{bollacker2008freebase,
  title={Freebase: a collaboratively created graph database for structuring human knowledge},
  author={Bollacker, Kurt and Evans, Colin and Paritosh, Praveen and Sturge, Tim and Taylor, Jamie},
  booktitle={Proceedings of the 2008 ACM SIGMOD international conference on Management of data},
  pages={1247--1250},
  year={2008},
  organization={ACM}
}

@inproceedings{suchanek2007yago,
  title={Yago: a core of semantic knowledge},
  author={Suchanek, Fabian M and Kasneci, Gjergji and Weikum, Gerhard},
  booktitle={Proceedings of the 16th international conference on World Wide Web},
  pages={697--706},
  year={2007},
  organization={ACM}
}

@inproceedings{yao2014information,
  title={Information Extraction over Structured Data: Question Answering with Freebase.},
  author={Yao, Xuchen and Van Durme, Benjamin},
  booktitle={ACL (1)},
  pages={956--966},
  year={2014},
  organization={Citeseer}
}

@article{lao2010relational,
  title={Relational retrieval using a combination of path-constrained random walks},
  author={Lao, Ni and Cohen, William W},
  journal={Machine learning},
  volume={81},
  number={1},
  pages={53--67},
  year={2010},
  publisher={Springer}
}

@inproceedings{fader2011identifying,
  title={Identifying relations for open information extraction},
  author={Fader, Anthony and Soderland, Stephen and Etzioni, Oren},
  booktitle={Proceedings of the Conference on EMNLP},
  pages={1535--1545},
  year={2011},
  organization={Association for Computational Linguistics}
}

@inproceedings{nakashole2012patty,
  title={PATTY: a taxonomy of relational patterns with semantic types},
  author={Nakashole, Ndapandula and Weikum, Gerhard and Suchanek, Fabian},
  booktitle={Proceedings of the 2012 Joint Conference on EMNLP and CNLL},
  pages={1135--1145},
  year={2012},
  organization={Association for Computational Linguistics}
}

@inproceedings{zhang2013automatically,
  title={Automatically synthesizing sql queries from input-output examples},
  author={Zhang, Sai and Sun, Yuyin},
  booktitle={Automated Software Engineering (ASE), 2013 IEEE/ACM 28th International Conference},
  pages={224--234},
  year={2013},
  organization={IEEE}
}

@article{cheung2012inferring,
  title={Inferring SQL queries using program synthesis},
  author={Cheung, Alvin and Solar-Lezama, Armando and Madden, Samuel},
  journal={arXiv preprint arXiv:1208.2013},
  year={2012}
}

@article{niehren2013query,
  title={Query induction with schema-guided pruning strategies},
  author={Niehren, Joachim and Champav{\`e}re, J{\'e}r{\^o}me and Lemay, Aur{\'e}lien and Gilleron, R{\'e}mi},
  journal={The Journal of Machine Learning Research},
  volume={14},
  number={1},
  pages={927--964},
  year={2013},
  publisher={JMLR. org}
}

@inproceedings{haveliwala2002topic,
  title={Topic-sensitive pagerank},
  author={Haveliwala, Taher H},
  booktitle={Proceedings of the 11th international conference on World Wide Web},
  pages={517--526},
  year={2002},
  organization={ACM}
}

@article{cheung2013optimizing,
  title={Optimizing database-backed applications with query synthesis},
  author={Cheung, Alvin and Solar-Lezama, Armando and Madden, Samuel},
  journal={ACM SIGPLAN Notices},
  volume={48},
  number={6},
  pages={3--14},
  year={2013},
  publisher={ACM}
}

@inproceedings{das2010synthesizing,
  title={Synthesizing view definitions from data},
  author={Das Sarma, Anish and Parameswaran, Aditya and Garcia-Molina, Hector and Widom, Jennifer},
  booktitle={Proceedings of the 13th International Conference on Database Theory},
  pages={89--103},
  year={2010},
  organization={ACM}
}

@misc{mikolov2013word2vec,
  title={word2vec: Tool for computing continuous distributed representations of words},
  author={Mikolov, Tomas},
  year={2013}
}

@article{ney1992data,
  title={Data driven search organization for continuous speech recognition},
  author={Ney, Hermann and Mergel, Dieter and Noll, Andreas and Paeseler, Annedore},
  journal={Signal Processing, IEEE Transactions on},
  volume={40},
  number={2},
  pages={272--281},
  year={1992},
  publisher={IEEE}
}