
comments {
	[begin] references for causal net
}

@inproceedings{roemmele2011choice,
	title={Choice of Plausible Alternatives: An Evaluation of Commonsense Causal Reasoning.},
	author={Roemmele, Melissa and Bejan, Cosmin Adrian and Gordon, Andrew S},
	booktitle={AAAI Spring Symposium: Logical Formalizations of Commonsense Reasoning},
	year={2011}
}
@inproceedings{khoo2000extracting,
	title={Extracting causal knowledge from a medical database using graphical patterns},
	author={Khoo, Christopher SG and Chan, Syin and Niu, Yun},
	booktitle={Proceedings of the 38th Annual Meeting on Association for Computational Linguistics},
	pages={336--343},
	year={2000},
}
@inproceedings{HavasiSALAM10,
	author    = {Catherine Havasi and
	Robert Speer and
	Kenneth C. Arnold and
	Henry Lieberman and
	Jason B. Alonso and
	Jesse Moeller},
	title     = {Open Mind Common Sense: Crowd-sourcing for Common Sense},
	booktitle = {{Association for the Advancement of Artificial Intelligence} Workshop},
	year      = {2010}
}
@inproceedings{rink2010learning,
	title={Learning Textual Graph Patterns to Detect Causal Event Relations.},
	author={Rink, Bryan and Bejan, Cosmin Adrian and Harabagiu, Sanda M},
	booktitle={International Florida Artificial Intelligence Research Society Conference},
	year={2010}
}
@inproceedings{gordon2012copa,
	title={SemEval-2012 Task 7: Choice of Plausible Alternatives: An Evaluation of Commonsense Causal Reasoning},
	author={Andrew S. Gordon and Zornitsa Kozareva and Melissa Roemmele},
	booktitle={the 6th International Workshop on Semantic Evaluation (SemEval 2012)},
	year={2012}
}
@article{church1990word,
	title={Word association norms, mutual information, and lexicography},
	author={Church, Kenneth Ward and Hanks, Patrick},
	journal={Computational linguistics},
	volume={16},
	number={1},
	pages={22--29},
	year={1990},
	publisher={MIT Press}
}
@inproceedings{girju2003automatic,
	title={Automatic detection of causal relations for question answering},
	author={Girju, Roxana},
	booktitle={Proceedings of the ACL 2003 workshop on Multilingual summarization and question answering},
	pages={76--83},
	year={2003}
}
@inproceedings{ChangC04,
	author    = {Du{-}Seong Chang and
	Key{-}Sun Choi},
	title     = {Causal Relation Extraction Using Cue Phrase and Lexical Pair Probabilities},
	booktitle = {{IJCNLP}},
	pages     = {61--70},
	year      = {2004}
}
@inproceedings{blanco2008causal,
	title={Causal Relation Extraction.},
	author={Blanco, Eduardo and Castell, Nuria and Moldovan, Dan I},
	booktitle={The International Conference on Language Resources and Evaluation},
	year={2008}
}
@inproceedings{kozareva2012cause,
	title={Cause-effect relation learning},
	author={Kozareva, Zornitsa},
	booktitle={Workshop Proceedings of TextGraphs-7 on Graph-based Methods for Natural Language Processing},
	pages={39--43},
	year={2012},
	organization={Association for Computational Linguistics}
}
@inproceedings{do2011minimally,
	title={Minimally supervised event causality identification},
	author={Do, Quang Xuan and Chan, Yee Seng and Roth, Dan},
	booktitle={Empirical Methods in Natural Language Processing},
	pages={294--303},
	year={2011}
}
@article{riaz2014recognizing,
	title={Recognizing Causality in Verb-Noun Pairs via Noun and Verb Semantics},
	author={Riaz, Mehwish and Girju, Roxana},
	journal={The European Chapter of the ACL 2014},
	pages={48},
	year={2014}
}
@inproceedings{hashimoto2015generating,
	title={Generating Event Causality Hypotheses through Semantic Relations},
	author={Hashimoto, Chikara and Torisawa, Kentaro and Kloetzer, Julien and Oh, Jong-Hoon},
	booktitle={Twenty-Ninth AAAI Conference on Artificial Intelligence},
	year={2015}
}
@inproceedings{LascaridesAO92,
	author    = {Alex Lascarides and
	Nicholas Asher and
	Jon Oberlander},
	title     = {Interferring Discourse Relations in Context},
	booktitle = {Association for Computational Linguistics},
	pages     = {1--8},
	year      = {1992}
}
@article{lascarides:asher:1993a,
	author = {Alex Lascarides and Nicholas Asher},
	year = {1993},
	title = {Temporal Interpretation, Discourse Relations and Commonsense
	Entailment},
	journal = {Linguistics and Philosophy},
	volume = {16},
	number = {5},
	pages = {437--493},
	publisher = {Kluwer Academic Publishers}
}
@article{lenat1995cyc,
	title={CYC: A large-scale investment in knowledge infrastructure},
	author={Lenat, Douglas B},
	journal={Communications of the ACM},
	volume={38},
	number={11},
	pages={33--38},
	year={1995},
	publisher={ACM}
}
@inproceedings{Mihalcea2006:CKM,
	author = {Mihalcea, Rada and Corley, Courtney and Strapparava, Carlo},
	title = {Corpus-based and Knowledge-based Measures of Text Semantic Similarity},
	booktitle = {Association for the Advancement of Artificial Intelligence},
	year = {2006},
	pages = {775--780}
}
@incollection{singh2002open,
	title={Open Mind Common Sense: Knowledge acquisition from the general public},
	author={Singh, Push and Lin, Thomas and Mueller, Erik T and Lim, Grace and Perkins, Travell and Zhu, Wan Li},
	booktitle={On the Move to Meaningful Internet Systems 2002: CoopIS, DOA, and ODBASE},
	pages={1223--1237},
	year={2002},
	publisher={Springer}
}
@inproceedings{liu2004commonsense,
	title={Commonsense reasoning in and over natural language},
	author={Liu, Hugo and Singh, Push},
	booktitle={Knowledge-based intelligent information and engineering systems},
	pages={293--306},
	year={2004},
	organization={Springer}
}
@inproceedings{schubert2002can,
	title={Can we derive general world knowledge from texts?},
	author={Schubert, Lenhart},
	booktitle={Proceedings of the second international conference on Human Language Technology Research},
	pages={94--97},
	year={2002},
	organization={Morgan Kaufmann Publishers Inc.}
}
@article{gordon2010mining,
	title={Mining commonsense knowledge from personal stories in internet weblogs},
	author={Gordon, Andrew S},
	journal={Automated Knowledge Base Construction},
	pages={8},
	year={2010},
	publisher={Citeseer}
}

@inproceedings{gordon2010learning,
	title={Learning from the Web: Extracting General World Knowledge from Noisy Text.},
	author={Gordon, Jonathan and Van Durme, Benjamin and Schubert, Lenhart K},
	booktitle={Collaboratively-Built Knowledge Sources and AI},
	year={2010}
}
@inproceedings{gordon2011commonsense,
	title={Commonsense Causal Reasoning Using Millions of Personal Stories.},
	author={Gordon, Andrew S and Bejan, Cosmin Adrian and Sagae, Kenji},
	booktitle={Association for the Advancement of Artificial Intelligence},
	year={2011}
}
@article{akbikweltmodell,
	title={The Weltmodell: A Data-Driven Commonsense Knowledge Base},
	author={Akbik, Alan and Michael, Thilo}
}
@article{jabeen2014exploiting,
	title={Exploiting Wikipedia Semantics for Computing Word Associations},
	author={Jabeen, Shahida},
	year={2014},
	publisher={Victoria University of Wellington}
}

@inproceedings{goodwin2012utdhlt,
	title={{UTDHLT}: {COPACETIC} system for choosing plausible alternatives},
	author={Goodwin, Travis and Rink, Bryan and Roberts, Kirk and Harabagiu, Sanda M},
	booktitle={Proceedings of the First Joint Conference on Lexical and Computational Semantics},
	pages={461--466},
	year={2012}
}
@article{mirza2014extracting,
	title={Extracting Temporal and Causal Relations between Events},
	author={Mirza, Paramita},
	journal={The 2014 Conference of the Association for Computational Linguistics},
	pages={10},
	year={2014}
}
@inproceedings{Erk,
	title={A Simple, Similarity-based Model for Selectional Preference},
	author={Katrin Erk},
	booktitle={Association for Computational Linguistics},
	year={2007}
}
comments {
	[end] references for causal net
}

comments {
	[begin] references for causal gen
}
@inproceedings{zhao2017constructing,
	title={Constructing and embedding abstract event causality networks from text snippets},
	author={Zhao, Sendong and Wang, Quan and Massung, Sean and Qin, Bing and Liu, Ting and Wang, Bin and Zhai, ChengXiang},
	booktitle={Proceedings of the Tenth ACM International Conference on Web Search and Data Mining},
	pages={335--344},
	year={2017},
	organization={ACM}
}
@article{sharp2016creating,
	title={Creating causal embeddings for question answering with minimal supervision},
	author={Sharp, Rebecca and Surdeanu, Mihai and Jansen, Peter and Clark, Peter and Hammond, Michael},
	journal={arXiv preprint arXiv:1609.08097},
	year={2016}
}
@inproceedings{luo2016commonsense,
	title={Commonsense causal reasoning between short texts},
	author={Luo, Zhiyi and Sha, Yuchen and Zhu, Kenny Q and Hwang, Seung-won and Wang, Zhongyuan},
	booktitle={Fifteenth International Conference on the Principles of Knowledge Representation and Reasoning},
	year={2016}
}
@inproceedings{roemmele2018encoder,
	title={An Encoder-decoder Approach to Predicting Causal Relations in Stories},
	author={Roemmele, Melissa and Gordon, Andrew},
	booktitle={Proceedings of the First Workshop on Storytelling},
	pages={50--59},
	year={2018}
}
@article{abs-1901-08162,
	author    = {Ishita Dasgupta and
	Jane X. Wang and
	Silvia Chiappa and
	Jovana Mitrovic and
	Pedro A. Ortega and
	David Raposo and
	Edward Hughes and
	Peter Battaglia and
	Matthew Botvinick and
	Zeb Kurth{-}Nelson},
	title     = {Causal Reasoning from Meta-reinforcement Learning},
	journal   = {CoRR},
	year      = {2019},
}
@inproceedings{YeoWCCH18,
	author    = {Jinyoung Yeo and
	Geungyu Wang and
	Hyunsouk Cho and
	Seungtaek Choi and
	Seung{-}won Hwang},
	title     = {Machine-Translated Knowledge Transfer for Commonsense Causal Reasoning},
	booktitle = {Proceedings of the Thirty-Second {AAAI} Conference on Artificial Intelligence,
	(AAAI-18), the 30th innovative Applications of Artificial Intelligence
	(IAAI-18), and the 8th {AAAI} Symposium on Educational Advances in
	Artificial Intelligence (EAAI-18), New Orleans, Louisiana, USA, February
	2-7, 2018},
	pages     = {2021--2028},
	year      = {2018},
}
@article{BahdanauCB14,
	author    = {Dzmitry Bahdanau and
	Kyunghyun Cho and
	Yoshua Bengio},
	title     = {Neural Machine Translation by Jointly Learning to Align and Translate},
	journal   = {CoRR},
	volume    = {abs/1409.0473},
	year      = {2014}
}

@InProceedings{SutskeverVL14,
	author    = {Ilya Sutskever and
	Oriol Vinyals and
	Quoc V. Le},
	title     = {Sequence to Sequence Learning with Neural Networks},
	booktitle = {Advances in Neural Information Processing Systems 27: Annual Conference
	on Neural Information Processing Systems 2014, December 8-13 2014,
	Montreal, Quebec, Canada},
	pages     = {3104--3112},
	year      = {2014}
}
@article{PaulusXS17,
	author    = {Romain Paulus and
	Caiming Xiong and
	Richard Socher},
	title     = {A Deep Reinforced Model for Abstractive Summarization},
	journal   = {CoRR},
	volume    = {abs/1705.04304},
	year      = {2017}
}
@InProceedings{SeeLM17,
	author    = {Abigail See and
	Peter J. Liu and
	Christopher D. Manning},
	title     = {Get To The Point: Summarization with Pointer-Generator Networks},
	booktitle = {Proceedings of the 55th Annual Meeting of the Association for Computational
	Linguistics, {ACL} 2017, Vancouver, Canada, July 30 - August 4, Volume
	1: Long Papers},
	pages     = {1073--1083},
	year      = {2017},
	doi       = {10.18653/v1/P17-1099}
}
@InProceedings{NallapatiZSGX16,
	author    = {Ramesh Nallapati and
	Bowen Zhou and
	C{\'{\i}}cero Nogueira dos Santos and
	{\c{C}}aglar G{\"{u}}l{\c{c}}ehre and
	Bing Xiang},
	title     = {Abstractive Text Summarization using Sequence-to-sequence RNNs and
	Beyond},
	booktitle = {Proceedings of the 20th {SIGNLL} Conference on Computational Natural
	Language Learning, CoNLL 2016, Berlin, Germany, August 11-12, 2016},
	pages     = {280--290},
	year      = {2016}
}
@InProceedings{gehring2017convs2s,
	author    = {Jonas Gehring and
	Michael Auli and
	David Grangier and
	Denis Yarats and
	Yann N. Dauphin},
	title     = {Convolutional Sequence to Sequence Learning},
	booktitle = {Proceedings of the 34th International Conference on Machine Learning,
	{ICML} 2017, Sydney, NSW, Australia, 6-11 August 2017},
	pages     = {1243--1252},
	year      = {2017}
}
@inproceedings{LiuLZ18,
	author    = {Yizhu Liu and
	Zhiyi Luo and
	Kenny Q. Zhu},
	title     = {Controlling Length in Abstractive Summarization Using a Convolutional
	Neural Network},
	booktitle = {Proceedings of the 2018 Conference on Empirical Methods in Natural
	Language Processing, Brussels, Belgium, October 31 - November 4, 2018},
	pages     = {4110--4119},
	year      = {2018},
}
@InProceedings{FanGA18,
	author    = {Angela Fan and
	David Grangier and
	Michael Auli},
	title     = {Controllable Abstractive Summarization},
	booktitle = {Proceedings of the 2nd Workshop on Neural Machine Translation and
	Generation, NMT@ACL 2018, Melbourne, Australia, July 20, 2018},
	pages     = {45--54},
	year      = {2018},
}

@inproceedings{stanfordcorenlp,
	title={The Stanford CoreNLP Natural Language Processing Toolkit},
	author={Manning and Christopher D. and Mihai Surdeanu and John Bauer and Jenny Finkel and Steven J. Bethard and David McClosky},
	booktitle={Proceedings of the 52nd Annual Meeting of the Association for Computational Linguistics: System Demonstrations},
	pages={55--60},
	year={2014},
}
@InProceedings{DauphinFAG17,
	author    = {Yann N. Dauphin and
	Angela Fan and
	Michael Auli and
	David Grangier},
	title     = {Language Modeling with Gated Convolutional Networks},
	booktitle = {Proceedings of the 34th International Conference on Machine Learning,
	{ICML} 2017, Sydney, NSW, Australia, 6-11 August 2017},
	pages     = {933--941},
	year      = {2017}
}
@inproceedings{LuoSZHW16,
	author    = {Zhiyi Luo and
	Yuchen Sha and
	Kenny Q. Zhu and
	Seung{-}won Hwang and
	Zhongyuan Wang},
	title     = {Commonsense Causal Reasoning between Short Texts},
	pages     = {421--431},
	year      = {2016},
}
@inproceedings{goodwin2012utdhlt,
	title={{UTDHLT}: {COPACETIC} system for choosing plausible alternatives},
	author={Goodwin, Travis and Rink, Bryan and Roberts, Kirk and Harabagiu, Sanda M},
	booktitle={Proceedings of the First Joint Conference on Lexical and Computational Semantics},
	pages={461--466},
	year={2012}
}
@inproceedings{jabeen2014using,
	title={Using Asymmetric Associations for Commonsense Causality Detection},
	author={Jabeen, Shahida and Gao, Xiaoying and Andreae, Peter},
	booktitle={Pacific Rim International Conference on Artificial Intelligence},
	pages={877--883},
	year={2014},
	organization={Springer}
}

comments {
	[end] references for causal gen
}


comments {
	[begin] references for aspect gen
}
@inproceedings{poria2014rule,
	title={A rule-based approach to aspect extraction from product reviews},
	author={Poria, Soujanya and Cambria, Erik and Ku, Lun-Wei and Gui, Chen and Gelbukh, Alexander},
	booktitle={Proc. of the Workshop on Natural Language Processing for Social Media}, 
	year={2014}
}
@article{QiuLBC11,
	author    = {Guang Qiu and
	Bing Liu and
	Jiajun Bu and
	Chun Chen},
	title     = {Opinion Word Expansion and Target Extraction through Double Propagation},
	journal   = {Computational Linguistics},
	volume    = {37},
	number    = {1},
	pages     = {9--27},
	year      = {2011}
}
@inproceedings{gindl2013rule,
	title={Rule-based opinion target and aspect extraction to acquire affective knowledge},
	author={Gindl, Stefan and Weichselbraun, Albert and Scharl, Arno},
	booktitle={Proc. of WWW}, 
	year={2013}, 
}
@inproceedings{gindl2013rule,
	title={Rule-based opinion target and aspect extraction to acquire affective knowledge},
	author={Gindl, Stefan and Weichselbraun, Albert and Scharl, Arno},
	booktitle={Proc. of WWW}, 
	year={2013}, 
}

@inproceedings{su2008hidden,
	title={Hidden sentiment association in chinese web opinion mining},
	author={Su, Qi and Xu, Xinying and Guo, Honglei and Guo, Zhili and Wu, Xian and Zhang, Xiaoxun and Swen, Bin and Su, Zhong},
	booktitle={Proc. of WWW}, 
	year={2008}, 
}

@incollection{zeng2013classification,
	title={A classification-based approach for implicit feature identification},
	author={Zeng, Lingwei and Li, Fang},
	booktitle={Chinese Computational Linguistics and Natural Language Processing Based on Naturally Annotated Big Data}, 
	year={2013}, 
}
@article{manek2017aspect,
	title={Aspect term extraction for sentiment analysis in large movie reviews using Gini Index feature selection method and SVM classifier},
	author={Manek, Asha S and Shenoy, P Deepa and Mohan, M Chandra and Venugopal, KR},
	journal={World wide web},
	volume={20},
	number={2},
	pages={135--154},
	year={2017},
	publisher={Springer}
}
@article{rana2017two,
	title={A two-fold rule-based model for aspect extraction},
	author={Rana, Toqir A and Cheah, Yu-N},
	journal={Expert Systems with Applications}, 
	year={2017}, 
}
@article{manek2017aspect,
	title={Aspect term extraction for sentiment analysis in large movie reviews using Gini Index feature selection method and SVM classifier},
	author={Manek, Asha S and Shenoy, P Deepa and Mohan, M Chandra and Venugopal, KR},
	journal={World wide web},
	volume={20},
	number={2},
	pages={135--154},
	year={2017},
	publisher={Springer}
}
@inproceedings{wu2012probase,
	title={Probase: A probabilistic taxonomy for text understanding},
	author={Wu, Wentao and Li, Hongsong and Wang, Haixun and Zhu, Kenny Q},
	booktitle={Proceedings of the 2012 ACM SIGMOD International Conference on Management of Data},
	pages={481--492},
	year={2012},
	organization={ACM}
}
@article{miller1995wordnet,
	title={WordNet: a lexical database for English},
	author={Miller, George A},
	journal={Communications of the ACM},
	volume={38},
	number={11},
	pages={39--41},
	year={1995},
	publisher={ACM}
}
@inproceedings{vo2018automatic,
	title={Automatic Knowledge Extraction for Aspect-based Sentiment Analysis of Customer Reviews},
	author={Vo, Anh-Dung and Nguyen, Quang-Phuoc and Ock, Cheol-Young},
	booktitle={Proceedings of the 10th International Conference on Computer Modeling and Simulation},
	pages={110--113},
	year={2018},
	organization={ACM}
}
@article{dragoni2018unsupervised,
	title={An unsupervised aspect extraction strategy for monitoring real-time reviews stream},
	author={Dragoni, Mauro and Federici, Marco and Rexha, Andi},
	journal={Information Processing \& Management},
	year={2018},
	publisher={Elsevier}
}
@inproceedings{HeLND17,
	author    = {Ruidan He and
	Wee Sun Lee and
	Hwee Tou Ng and
	Daniel Dahlmeier},
	title     = {An Unsupervised Neural Attention Model for Aspect Extraction},
	booktitle = {ACL}, 
	year      = {2017},   
}
@article{WangPDX16,
	author    = {Wenya Wang and
	Sinno Jialin Pan and
	Daniel Dahlmeier and
	Xiaokui Xiao},
	title     = {Recursive Neural Conditional Random Fields for Aspect-based Sentiment
	Analysis},
	journal   = {CoRR},
	volume    = {abs/1603.06679},
	year      = {2016}
}
@inproceedings{poria2014rule,
	title={A rule-based approach to aspect extraction from product reviews},
	author={Poria, Soujanya and Cambria, Erik and Ku, Lun-Wei and Gui, Chen and Gelbukh, Alexander},
	booktitle={Proc. of the Workshop on Natural Language Processing for Social Media}, 
	year={2014}
}
@inproceedings{hu2004mining,
	title={Mining and summarizing customer reviews},
	author={Hu, Minqing and Liu, Bing},
	booktitle={Proc. of KDD}, 
	year={2004}, 
}
@inproceedings{liu2015automated,
	title={Automated Rule Selection for Aspect Extraction in Opinion Mining.},
	author={Liu, Qian and Gao, Zhiqiang and Liu, Bing and Zhang, Yuanlin},
	booktitle={IJCAI},
	volume={15},
	pages={1291--1297},
	year={2015}
}

@article{rousseeuw1987silhouettes,
	title={Silhouettes: a graphical aid to the interpretation and validation of cluster analysis},
	author={Rousseeuw, Peter J},
	journal={Journal of computational and applied mathematics},
	volume={20},
	pages={53--65},
	year={1987},
	publisher={Elsevier}
}

comments {
	[end] references for aspect gen
}


comments {
	[begin] references for slogan generation
}
@article{linden2003amazon,
	title={Amazon. com recommendations: Item-to-item collaborative filtering},
	author={Linden, Greg and Smith, Brent and York, Jeremy},
	journal={IEEE Internet computing},
	number={1},
	pages={76--80},
	year={2003},
	publisher={IEEE}
}
@article{sarwar2001item,
	title={Item-based collaborative filtering recommendation algorithms.},
	author={Sarwar, Badrul Munir and Karypis, George and Konstan, Joseph A and Riedl, John and others},
	journal={Www},
	volume={1},
	pages={285--295},
	year={2001}
}
@misc{luo2019conceptualize,
	title={Conceptualize and Infer User Needs in E-commerce},
	author={Xusheng Luo and Yonghua Yang and Kenny Q. Zhu and Yu Gong and Keping Yang},
	year={2019},
	eprint={1910.03295},
	archivePrefix={arXiv},
	primaryClass={cs.IR}
}
@inproceedings{de2018generating,
	title={Generating E-Commerce Product Titles and Predicting their Quality},
	author={de Souza, Jos{\'e} G Camargo and Kozielski, Michael and Mathur, Prashant and Chang, Ernie and Guerini, Marco and Negri, Matteo and Turchi, Marco and Matusov, Evgeny},
	booktitle={Proceedings of the 11th International Conference on Natural Language Generation},
	pages={233--243},
	year={2018}
}
@inproceedings{langkilde1998generation,
	title={Generation that exploits corpus-based statistical knowledge},
	author={Langkilde, Irene and Knight, Kevin},
	booktitle={Proceedings of the 36th Annual Meeting of the Association for Computational Linguistics and 17th International Conference on Computational Linguistics-Volume 1},
	pages={704--710},
	year={1998},
	organization={Association for Computational Linguistics}
}
@inproceedings{wang2017statistical,
	title={A statistical framework for product description generation},
	author={Wang, Jinpeng and Hou, Yutai and Liu, Jing and Cao, Yunbo and Lin, Chin-Yew},
	booktitle={Proceedings of the Eighth International Joint Conference on Natural Language Processing (Volume 2: Short Papers)},
	pages={187--192},
	year={2017}
}
@inproceedings{ChenLZYZ019,
	author    = {Qibin Chen and
	Junyang Lin and
	Yichang Zhang and
	Hongxia Yang and
	Jingren Zhou and
	Jie Tang},
	title     = {Towards Knowledge-Based Personalized Product Description Generation
	in E-commerce},
	booktitle = {Proceedings of the 25th {ACM} {SIGKDD} International Conference on
	Knowledge Discovery {\&} Data Mining, {KDD} 2019, Anchorage, AK,
	USA, August 4-8, 2019.},
	pages     = {3040--3050},
	year      = {2019}
}
@misc{wu2019pay,
	title={Pay Less Attention with Lightweight and Dynamic Convolutions},
	author={Felix Wu and Angela Fan and Alexei Baevski and Yann N. Dauphin and Michael Auli},
	year={2019},
	eprint={1901.10430},
	archivePrefix={arXiv},
	primaryClass={cs.CL}
}
@inproceedings{liu2018controlling,
	title={Controlling length in abstractive summarization using a convolutional neural network},
	author={Liu, Yizhu and Luo, Zhiyi and Zhu, Kenny},
	booktitle={Proceedings of the 2018 Conference on Empirical Methods in Natural Language Processing},
	pages={4110--4119},
	year={2018}
}
@article{baevski2018adaptive,
	title={Adaptive input representations for neural language modeling},
	author={Baevski, Alexei and Auli, Michael},
	journal={arXiv preprint arXiv:1809.10853},
	year={2018}
}
@article{fan2019strategies,
	title={Strategies for Structuring Story Generation},
	author={Fan, Angela and Lewis, Mike and Dauphin, Yann},
	journal={arXiv preprint arXiv:1902.01109},
	year={2019}
}
@article{dinan2018wizard,
	title={Wizard of wikipedia: Knowledge-powered conversational agents},
	author={Dinan, Emily and Roller, Stephen and Shuster, Kurt and Fan, Angela and Auli, Michael and Weston, Jason},
	journal={arXiv preprint arXiv:1811.01241},
	year={2018}
}

comments { slogangen-related}
@misc{万小军2016文本自动生成研究进展与趋势,
	title={文本自动生成研究进展与趋势},
	author={万小军 and 冯岩松 and 孙薇薇},
	journal={2018-10-20]. http://www. search1990. com/other/2016 02272305. html},
	year={2016}
}
@article{bahdanau2014neural,
	title={Neural machine translation by jointly learning to align and translate},
	author={Bahdanau, Dzmitry and Cho, Kyunghyun and Bengio, Yoshua},
	journal={arXiv preprint arXiv:1409.0473},
	year={2014}
}
@article{wu2016google,
	title={Google's neural machine translation system: Bridging the gap between human and machine translation},
	author={Wu, Yonghui and Schuster, Mike and Chen, Zhifeng and Le, Quoc V and Norouzi, Mohammad and Macherey, Wolfgang and Krikun, Maxim and Cao, Yuan and Gao, Qin and Macherey, Klaus and others},
	journal={arXiv preprint arXiv:1609.08144},
	year={2016}
}
@inproceedings{chopra2016abstractive,
	title={Abstractive sentence summarization with attentive recurrent neural networks},
	author={Chopra, Sumit and Auli, Michael and Rush, Alexander M},
	booktitle={Proceedings of the 2016 Conference of the North American Chapter of the Association for Computational Linguistics: Human Language Technologies},
	pages={93--98},
	year={2016}
}
@article{nallapati2016abstractive,
	title={Abstractive text summarization using sequence-to-sequence rnns and beyond},
	author={Nallapati, Ramesh and Zhou, Bowen and Gulcehre, Caglar and Xiang, Bing and others},
	journal={arXiv preprint arXiv:1602.06023},
	year={2016}
}
@inproceedings{serban2017multiresolution,
	title={Multiresolution recurrent neural networks: An application to dialogue response generation},
	author={Serban, Iulian Vlad and Klinger, Tim and Tesauro, Gerald and Talamadupula, Kartik and Zhou, Bowen and Bengio, Yoshua and Courville, Aaron},
	booktitle={Thirty-First AAAI Conference on Artificial Intelligence},
	year={2017}
}
@article{narayan2018don,
	title={Don't Give Me the Details, Just the Summary! Topic-Aware Convolutional Neural Networks for Extreme Summarization},
	author={Narayan, Shashi and Cohen, Shay B and Lapata, Mirella},
	journal={arXiv preprint arXiv:1808.08745},
	year={2018}
}
@inproceedings{gehring2017convolutional,
	title={Convolutional sequence to sequence learning},
	author={Gehring, Jonas and Auli, Michael and Grangier, David and Yarats, Denis and Dauphin, Yann N},
	booktitle={Proceedings of the 34th International Conference on Machine Learning-Volume 70},
	pages={1243--1252},
	year={2017},
	organization={JMLR. org}
}
@InProceedings{HeZRS16,
	author    = {Kaiming He and
	Xiangyu Zhang and
	Shaoqing Ren and
	Jian Sun},
	title     = {Deep Residual Learning for Image Recognition},
	booktitle = {2016 {IEEE} Conference on Computer Vision and Pattern Recognition,
	{CVPR} 2016, Las Vegas, NV, USA, June 27-30, 2016},
	pages     = {770--778},
	year      = {2016}
}
@inproceedings{dauphin2017language,
	title={Language modeling with gated convolutional networks},
	author={Dauphin, Yann N and Fan, Angela and Auli, Michael and Grangier, David},
	booktitle={Proceedings of the 34th International Conference on Machine Learning-Volume 70},
	pages={933--941},
	year={2017},
	organization={JMLR. org}
}
@article{bahdanau2014neural,
	title={Neural machine translation by jointly learning to align and translate},
	author={Bahdanau, Dzmitry and Cho, Kyunghyun and Bengio, Yoshua},
	journal={arXiv preprint arXiv:1409.0473},
	year={2014}
}
@inproceedings{sak2014long,
	title={Long short-term memory recurrent neural network architectures for large scale acoustic modeling},
	author={Sak, Ha{\c{s}}im and Senior, Andrew and Beaufays, Fran{\c{c}}oise},
	booktitle={Fifteenth annual conference of the international speech communication association},
	year={2014}
}
@article{chung2014empirical,
	title={Empirical evaluation of gated recurrent neural networks on sequence modeling},
	author={Chung, Junyoung and Gulcehre, Caglar and Cho, KyungHyun and Bengio, Yoshua},
	journal={arXiv preprint arXiv:1412.3555},
	year={2014}
}
@article{nallapati2016abstractive,
	title={Abstractive text summarization using sequence-to-sequence rnns and beyond},
	author={Nallapati, Ramesh and Zhou, Bowen and Gulcehre, Caglar and Xiang, Bing and others},
	journal={arXiv preprint arXiv:1602.06023},
	year={2016}
}
@article{shen2016neural,
	title={Neural headline generation with sentence-wise optimization},
	author={Shen, Shiqi and Zhao, Yu and Liu, Zhiyuan and Sun, Maosong and others},
	journal={arXiv preprint arXiv:1604.01904},
	year={2016}
}
@inproceedings{langkilde1998generation,
	title={Generation that exploits corpus-based statistical knowledge},
	author={Langkilde, Irene and Knight, Kevin},
	booktitle={Proceedings of the 36th Annual Meeting of the Association for Computational Linguistics and 17th International Conference on Computational Linguistics-Volume 1},
	pages={704--710},
	year={1998},
	organization={Association for Computational Linguistics}
}
@inproceedings{gerani2014abstractive,
	title={Abstractive summarization of product reviews using discourse structure},
	author={Gerani, Shima and Mehdad, Yashar and Carenini, Giuseppe and Ng, Raymond T and Nejat, Bita},
	booktitle={Proceedings of the 2014 conference on empirical methods in natural language processing (EMNLP)},
	pages={1602--1613},
	year={2014}
}
@inproceedings{de2018generating,
	title={Generating E-Commerce Product Titles and Predicting their Quality},
	author={de Souza, Jos{\'e} G Camargo and Kozielski, Michael and Mathur, Prashant and Chang, Ernie and Guerini, Marco and Negri, Matteo and Turchi, Marco and Matusov, Evgeny},
	booktitle={Proceedings of the 11th International Conference on Natural Language Generation},
	pages={233--243},
	year={2018}
}
@inproceedings{wang2017statistical,
	title={A statistical framework for product description generation},
	author={Wang, Jinpeng and Hou, Yutai and Liu, Jing and Cao, Yunbo and Lin, Chin-Yew},
	booktitle={Proceedings of the Eighth International Joint Conference on Natural Language Processing (Volume 2: Short Papers)},
	pages={187--192},
	year={2017}
}
@article{lipton2015capturing,
	title={Capturing meaning in product reviews with character-level generative text models},
	author={Lipton, Zachary C and Vikram, Sharad and McAuley, Julian},
	journal={arXiv preprint arXiv:1511.03683},
	year={2015}
}
@article{tang2016context,
	title={Context-aware natural language generation with recurrent neural networks},
	author={Tang, Jian and Yang, Yifan and Carton, Sam and Zhang, Ming and Mei, Qiaozhu},
	journal={arXiv preprint arXiv:1611.09900},
	year={2016}
}
@article{tang2016context,
	title={Context-aware natural language generation with recurrent neural networks},
	author={Tang, Jian and Yang, Yifan and Carton, Sam and Zhang, Ming and Mei, Qiaozhu},
	journal={arXiv preprint arXiv:1611.09900},
	year={2016}
}
@article{peters2018deep,
	title={Deep contextualized word representations},
	author={Peters, Matthew E and Neumann, Mark and Iyyer, Mohit and Gardner, Matt and Clark, Christopher and Lee, Kenton and Zettlemoyer, Luke},
	journal={arXiv preprint arXiv:1802.05365},
	year={2018}
}
@article{radford2018improving,
	title={Improving language understanding by generative pre-training},
	author={Radford, Alec and Narasimhan, Karthik and Salimans, Tim and Sutskever, Ilya},
	journal={URL https://s3-us-west-2. amazonaws. com/openai-assets/researchcovers/languageunsupervised/language understanding paper. pdf},
	year={2018}
}
@article{devlin2018bert,
	title={Bert: Pre-training of deep bidirectional transformers for language understanding},
	author={Devlin, Jacob and Chang, Ming-Wei and Lee, Kenton and Toutanova, Kristina},
	journal={arXiv preprint arXiv:1810.04805},
	year={2018}
}
@article{yang2019xlnet,
	title={XLNet: Generalized Autoregressive Pretraining for Language Understanding},
	author={Yang, Zhilin and Dai, Zihang and Yang, Yiming and Carbonell, Jaime and Salakhutdinov, Ruslan and Le, Quoc V},
	journal={arXiv preprint arXiv:1906.08237},
	year={2019}
}
@misc{wolf2019transformers,
	title={Transformers: State-of-the-art Natural Language Processing},
	author={Thomas Wolf and Lysandre Debut and Victor Sanh and Julien Chaumond and Clement Delangue and Anthony Moi and Pierric Cistac and Tim Rault and Rémi Louf and Morgan Funtowicz and Jamie Brew},
	year={2019},
	eprint={1910.03771},
	archivePrefix={arXiv},
	primaryClass={cs.CL}
}
@article{gulcehre2015using,
	title={On using monolingual corpora in neural machine translation},
	author={Gulcehre, Caglar and Firat, Orhan and Xu, Kelvin and Cho, Kyunghyun and Barrault, Loic and Lin, Huei-Chi and Bougares, Fethi and Schwenk, Holger and Bengio, Yoshua},
	journal={arXiv preprint arXiv:1503.03535},
	year={2015}
}
@article{gulcehre2017integrating,
	title={On integrating a language model into neural machine translation},
	author={Gulcehre, Caglar and Firat, Orhan and Xu, Kelvin and Cho, Kyunghyun and Bengio, Yoshua},
	journal={Computer Speech \& Language},
	volume={45},
	pages={137--148},
	year={2017},
	publisher={Elsevier}
}
@article{radford2019language,
	title={Language models are unsupervised multitask learners},
	author={Radford, Alec and Wu, Jeffrey and Child, Rewon and Luan, David and Amodei, Dario and Sutskever, Ilya},
	journal={OpenAI Blog},
	volume={1},
	number={8},
	year={2019}
}
@inproceedings{toshniwal2018comparison,
	title={A comparison of techniques for language model integration in encoder-decoder speech recognition},
	author={Toshniwal, Shubham and Kannan, Anjuli and Chiu, Chung-Cheng and Wu, Yonghui and Sainath, Tara N and Livescu, Karen},
	booktitle={2018 IEEE Spoken Language Technology Workshop (SLT)},
	pages={369--375},
	year={2018},
	organization={IEEE}
}
comments { slogangen-problem}

comments { slogangen-approach}
@article{seo2016bidirectional,
	title={Bidirectional attention flow for machine comprehension},
	author={Seo, Minjoon and Kembhavi, Aniruddha and Farhadi, Ali and Hajishirzi, Hannaneh},
	journal={arXiv preprint arXiv:1611.01603},
	year={2016}
}

comments { slogangen-experiment}
@inproceedings{sutskever2013importance,
	title={On the importance of initialization and momentum in deep learning},
	author={Sutskever, Ilya and Martens, James and Dahl, George and Hinton, Geoffrey},
	booktitle={International conference on machine learning},
	pages={1139--1147},
	year={2013}
}
@inproceedings{pascanu2013difficulty,
	title={On the difficulty of training recurrent neural networks},
	author={Pascanu, Razvan and Mikolov, Tomas and Bengio, Yoshua},
	booktitle={International conference on machine learning},
	pages={1310--1318},
	year={2013}
}
@inproceedings{papineni2002bleu,
	title={BLEU: a method for automatic evaluation of machine translation},
	author={Papineni, Kishore and Roukos, Salim and Ward, Todd and Zhu, Wei-Jing},
	booktitle={Proceedings of the 40th annual meeting on association for computational linguistics},
	pages={311--318},
	year={2002},
	organization={Association for Computational Linguistics}
}
comments {
	[end] references for slogan generation
}


@article{golub2016character,
    title={Character-level question answering with attention},
    author={Golub, David and He, Xiaodong},
    journal={Proceedings of the 2016 Conference on Empirical Methods in Natural Language Processing},
    year={2016}
}

@inproceedings{jain2016question,
	title={Question answering over knowledge base using factual memory networks},
	author={Jain, Sarthak},
	booktitle={Proceedings of the NAACL Student Research Workshop},
	pages={109--115},
	year={2016}
}
	
@article{tang2015effective,
	title={Effective LSTMs for target-dependent sentiment classification},
	author={Tang, Duyu and Qin, Bing and Feng, Xiaocheng and Liu, Ting},
	journal={arXiv preprint arXiv:1512.01100},
	year={2015}
}
@inproceedings{dong2014adaptive,
	title={Adaptive recursive neural network for target-dependent twitter sentiment classification},
	author={Dong, Li and Wei, Furu and Tan, Chuanqi and Tang, Duyu and Zhou, Ming and Xu, Ke},
	booktitle={Proceedings of the 52nd Annual Meeting of the Association for Computational Linguistics (Volume 2: Short Papers)},
	volume={2},
	pages={49--54},
	year={2014}
}
@article{liu2018recurrent,
	title={Recurrent Entity Networks with Delayed Memory Update for Targeted Aspect-based Sentiment Analysis},
	author={Liu, Fei and Cohn, Trevor and Baldwin, Timothy},
	journal={arXiv preprint arXiv:1804.11019},
	year={2018}
}
@inproceedings{ma2018targeted,
	title={Targeted aspect-based sentiment analysis via embedding commonsense knowledge into an attentive LSTM},
	author={Ma, Yukun and Peng, Haiyun and Cambria, Erik},
	booktitle={Proceedings of AAAI},
	year={2018}
}
@article{DBLP:journals/tkde/ChengYLG14,
	author    = {Xueqi Cheng and
	Xiaohui Yan and
	Yanyan Lan and
	Jiafeng Guo},
	title     = {{BTM:} Topic Modeling over Short Texts},
	journal   = {{IEEE} Trans. Knowl. Data Eng.},
	volume    = {26},
	number    = {12},
	pages     = {2928--2941},
	year      = {2014},
	timestamp = {Sat, 20 May 2017 00:24:21 +0200},
	biburl    = {https://dblp.org/rec/bib/journals/tkde/ChengYLG14},
	bibsource = {dblp computer science bibliography, https://dblp.org}
}
@article{DBLP:journals/corr/WangPDX16,
	author    = {Wenya Wang and
	Sinno Jialin Pan and
	Daniel Dahlmeier and
	Xiaokui Xiao},
	title     = {Recursive Neural Conditional Random Fields for Aspect-based Sentiment
	Analysis},
	journal   = {CoRR},
	volume    = {abs/1603.06679},
	year      = {2016},
	url       = {http://arxiv.org/abs/1603.06679},
	archivePrefix = {arXiv},
	eprint    = {1603.06679},
	timestamp = {Wed, 07 Jun 2017 14:40:08 +0200},
	biburl    = {https://dblp.org/rec/bib/journals/corr/WangPDX16},
	bibsource = {dblp computer science bibliography, https://dblp.org}
}

@article{DBLP:journals/coling/QiuLBC11,
	author    = {Guang Qiu and
	Bing Liu and
	Jiajun Bu and
	Chun Chen},
	title     = {Opinion Word Expansion and Target Extraction through Double Propagation},
	journal   = {Computational Linguistics},
	volume    = {37},
	number    = {1},
	pages     = {9--27},
	year      = {2011},
	timestamp = {Sun, 28 May 2017 13:24:51 +0200},
	biburl    = {https://dblp.org/rec/bib/journals/coling/QiuLBC11},
	bibsource = {dblp computer science bibliography, https://dblp.org}
}
@inproceedings{moghaddam2011ilda,
	title={ILDA: interdependent LDA model for learning latent aspects and their ratings from online product reviews},
	author={Moghaddam, Samaneh and Ester, Martin},
	booktitle={Proceedings of the 34th international ACM SIGIR conference on Research and development in Information Retrieval},
	pages={665--674},
	year={2011},
	organization={ACM}
}
@article{shams2017enriched,
	title={Enriched LDA (ELDA): Combination of latent Dirichlet allocation with word co-occurrence analysis for aspect extraction},
	author={Shams, Mohammadreza and Baraani-Dastjerdi, Ahmad},
	journal={Expert Systems with Applications},
	volume={80},
	pages={136--146},
	year={2017},
	publisher={Elsevier}
}
@article{manek2017aspect,
	title={Aspect term extraction for sentiment analysis in large movie reviews using Gini Index feature selection method and SVM classifier},
	author={Manek, Asha S and Shenoy, P Deepa and Mohan, M Chandra and Venugopal, KR},
	journal={World wide web},
	volume={20},
	number={2},
	pages={135--154},
	year={2017},
	publisher={Springer}
}
@article{tubishat2018implicit,
	title={Implicit aspect extraction in sentiment analysis: Review, taxonomy, oppportunities, and open challenges},
	author={Tubishat, Mohammad and Idris, Norisma and Abushariah, Mohammad AM},
	journal={Information Processing \& Management},
	volume={54},
	number={4},
	pages={545--563},
	year={2018},
	publisher={Elsevier}
}
@inproceedings{wang2017coupled,
	title={Coupled Multi-Layer Attentions for Co-Extraction of Aspect and Opinion Terms.},
	author={Wang, Wenya and Pan, Sinno Jialin and Dahlmeier, Daniel and Xiao, Xiaokui},
	booktitle={AAAI},
	pages={3316--3322},
	year={2017}
}
@article{poria2016aspect,
	title={Aspect extraction for opinion mining with a deep convolutional neural network},
	author={Poria, Soujanya and Cambria, Erik and Gelbukh, Alexander},
	journal={Knowledge-Based Systems},
	volume={108},
	pages={42--49},
	year={2016},
	publisher={Elsevier}
}
@article{wu2018hybrid,
	title={A hybrid unsupervised method for aspect term and opinion target extraction},
	author={Wu, Chuhan and Wu, Fangzhao and Wu, Sixing and Yuan, Zhigang and Huang, Yongfeng},
	journal={Knowledge-Based Systems},
	volume={148},
	pages={66--73},
	year={2018},
	publisher={Elsevier}
}
@inproceedings{rana2017improving,
	title={Improving aspect extraction using aspect frequency and semantic similarity-based approach for aspect-based sentiment analysis},
	author={Rana, Toqir A and Cheah, Yu-N},
	booktitle={International Conference on Computing and Information Technology},
	pages={317--326},
	year={2017},
	organization={Springer}
}
@inproceedings{vo2018automatic,
	title={Automatic Knowledge Extraction for Aspect-based Sentiment Analysis of Customer Reviews},
	author={Vo, Anh-Dung and Nguyen, Quang-Phuoc and Ock, Cheol-Young},
	booktitle={Proceedings of the 10th International Conference on Computer Modeling and Simulation},
	pages={110--113},
	year={2018},
	organization={ACM}
}
@article{dragoni2018unsupervised,
	title={An unsupervised aspect extraction strategy for monitoring real-time reviews stream},
	author={Dragoni, Mauro and Federici, Marco and Rexha, Andi},
	journal={Information Processing \& Management},
	year={2018},
	publisher={Elsevier}
}
@inproceedings{wu2012probase,
	title={Probase: A probabilistic taxonomy for text understanding},
	author={Wu, Wentao and Li, Hongsong and Wang, Haixun and Zhu, Kenny Q},
	booktitle={Proceedings of the 2012 ACM SIGMOD International Conference on Management of Data},
	pages={481--492},
	year={2012},
	organization={ACM}
}
@article{miller1995wordnet,
	title={WordNet: a lexical database for English},
	author={Miller, George A},
	journal={Communications of the ACM},
	volume={38},
	number={11},
	pages={39--41},
	year={1995},
	publisher={ACM}
}
@inproceedings{brody2010unsupervised,
	title={An unsupervised aspect-sentiment model for online reviews},
	author={Brody, Samuel and Elhadad, Noemie},
	booktitle={Human Language Technologies: The 2010 Annual Conference of the North American Chapter of the Association for Computational Linguistics},
	pages={804--812},
	year={2010},
	organization={Association for Computational Linguistics}
}

@inproceedings{zhao2010jointly,
	title={Jointly modeling aspects and opinions with a MaxEnt-LDA hybrid},
	author={Zhao, Wayne Xin and Jiang, Jing and Yan, Hongfei and Li, Xiaoming},
	booktitle={Proceedings of the 2010 Conference on Empirical Methods in Natural Language Processing},
	pages={56--65},
	year={2010},
	organization={Association for Computational Linguistics}
}

@inproceedings{wang2015sentiment,
	title={Sentiment-aspect extraction based on restricted boltzmann machines},
	author={Wang, Linlin and Liu, Kang and Cao, Zhu and Zhao, Jun and de Melo, Gerard},
	booktitle={Proceedings of the 53rd Annual Meeting of the Association for Computational Linguistics and the 7th International Joint Conference on Natural Language Processing (Volume 1: Long Papers)},
	volume={1},
	pages={616--625},
	year={2015}
}

@inproceedings{ganu2009beyond,
	title={Beyond the stars: improving rating predictions using review text content.},
	author={Ganu, Gayatree and Elhadad, Noemie and Marian, Am{\'e}lie},
	booktitle={WebDB},
	volume={9},
	pages={1--6},
	year={2009},
	organization={Citeseer}
}
@inproceedings{banerjee2003extended,
	title={Extended gloss overlaps as a measure of semantic relatedness},
	author={Banerjee, Satanjeev and Pedersen, Ted},
	booktitle={Ijcai},
	volume={3},
	pages={805--810},
	year={2003}
}
@inproceedings{liu2015automated,
	title={Automated Rule Selection for Aspect Extraction in Opinion Mining.},
	author={Liu, Qian and Gao, Zhiqiang and Liu, Bing and Zhang, Yuanlin},
	booktitle={IJCAI},
	volume={15},
	pages={1291--1297},
	year={2015}
}
@article{kou1981fast,
  title={A fast algorithm for Steiner trees},
  author={Kou, L and Markowsky, George and Berman, Leonard},
  journal={Acta informatica}, 
  year={1981}
}
@misc{pywsd14,
	author =   {Liling Tan},
	title =    {Pywsd: Python Implementations of Word Sense Disambiguation (WSD) Technologies [software]}, 
	year = {2014}
}
@inproceedings{lesk1986automatic,
	title={Automatic sense disambiguation using machine readable dictionaries: how to tell a pine cone from an ice cream cone},
	author={Lesk, Michael},
	booktitle={Proc. of ICSD}, 
	year={1986}, 
}
@inproceedings{miko,
	title={Distributed Representations of Words and Phrases and their Compositionality},
	author={Tomas Mikolov and Ilya Sutskever and Kai Chen and Gregory S. Corrado and Jeffrey Dean},
	booktitle={Proc. of NIPS},
	year={2013}
}
@inproceedings{Wang2011LearningOD,
	title={Learning online discussion structures by conditional random fields},
	author={Hongning Wang and Chi Wang and ChengXiang Zhai and Jiawei Han},
	booktitle={SIGIR},
	year={2011}
}
@inproceedings{Hofmann1999ProbabilisticLS,
	title={Probabilistic Latent Semantic Analysis},
	author={Thomas Hofmann},
	booktitle={UAI},
	year={1999}
}
@inproceedings{DBLP:conf/acl/HeLND17,
	author    = {Ruidan He and
	Wee Sun Lee and
	Hwee Tou Ng and
	Daniel Dahlmeier},
	title     = {An Unsupervised Neural Attention Model for Aspect Extraction},
	booktitle = {ACL}, 
	year      = {2017},   
}
@article{rousseeuw1987silhouettes,
	title={Silhouettes: a graphical aid to the interpretation and validation of cluster analysis},
	author={Rousseeuw, Peter J},
	journal={Journal of computational and applied mathematics},
	volume={20},
	pages={53--65},
	year={1987},
	publisher={Elsevier}
}
@article{rana2017two,
	title={A two-fold rule-based model for aspect extraction},
	author={Rana, Toqir A and Cheah, Yu-N},
	journal={Expert Systems with Applications}, 
	year={2017}, 
}
@article{lee2017unsupervised,
	title={Unsupervised Aspect Extraction from Free-form Conversations},
	author={Lee, En-Shiun Annie and Zi, Richie Wenjie and Fazly, Afsaneh and Seibel, Brandon and De Andrade, Anderson},
	year={2017}
}
@inproceedings{liu2016improving,
	title={Improving Opinion Aspect Extraction Using Semantic Similarity and Aspect Associations.},
	author={Liu, Qian and Liu, Bing and Zhang, Yuanlin and Kim, Doo Soon and Gao, Zhiqiang},
	year={2016}
}
@article{Hofmann2001UnsupervisedLB,
	title={Unsupervised Learning by Probabilistic Latent Semantic Analysis},
	author={Thomas Hofmann},
	journal={Machine Learning},
	year={2001}, 
}
@article{Blei2003LatentDA,
	title={Latent Dirichlet Allocation},
	author={David M. Blei and Andrew Y. Ng and Michael I. Jordan},
	journal={Journal of Machine Learning Research},
	year={2003}, 
}
@inproceedings{wang2010latent,
	title={Latent aspect rating analysis on review text data: a rating regression approach},
	author={Wang, Hongning and Lu, Yue and Zhai, Chengxiang},
	booktitle={Proc. of KDD}, 
	year={2010}, 
}
@inproceedings{wang2011latent,
	title={Latent aspect rating analysis without aspect keyword supervision},
	author={Wang, Hongning and Lu, Yue and Zhai, ChengXiang},
	booktitle={Proc. of KDD}, 
	year={2011}, 
}
@inproceedings{ding2008holistic,
	title={A holistic lexicon-based approach to opinion mining},
	author={Ding, Xiaowen and Liu, Bing and Yu, Philip S},
	booktitle={Proc. WSDM}, 
	year={2008}, 
}
@incollection{popescu2007extracting,
	title={Extracting product features and opinions from reviews},
	author={Popescu, Ana-Maria and Etzioni, Orena},
	booktitle={Natural language processing and text mining}, 
	year={2007}, 
}
@inproceedings{hu2004mining,
	title={Mining and summarizing customer reviews},
	author={Hu, Minqing and Liu, Bing},
	booktitle={Proc. of KDD}, 
	year={2004}, 
}
@article{pavlopoulos2014aspect,
	title={Aspect term extraction for sentiment analysis: New datasets, new evaluation measures and an improved unsupervised method},
	author={Pavlopoulos, John and Androutsopoulos, Ion},
	journal={Proceedings of LASMEACL}, 
	year={2014}
}
@article{liu2017phrase,
	title={Phrase Mining from Massive Text and Its Applications},
	author={Liu, Jialu and Shang, Jingbo and Han, Jiawei},
	journal={Synthesis Lectures on Data Mining and Knowledge Discovery}, 
	year={2017}, 
}


@article{kmeans,
	author    = {Stuart P. Lloyd},
	title     = {Least squares quantization in {PCM}},
	journal   = {{IEEE} Trans. Information Theory},
	year      = {1982},
}

@inproceedings{poria2014rule,
  title={A rule-based approach to aspect extraction from product reviews},
  author={Poria, Soujanya and Cambria, Erik and Ku, Lun-Wei and Gui, Chen and Gelbukh, Alexander},
  booktitle={Proc. of the Workshop on Natural Language Processing for Social Media}, 
  year={2014}
}
@inproceedings{gindl2013rule,
  title={Rule-based opinion target and aspect extraction to acquire affective knowledge},
  author={Gindl, Stefan and Weichselbraun, Albert and Scharl, Arno},
  booktitle={Proc. of WWW}, 
  year={2013}, 
}


@inproceedings{su2008hidden,
  title={Hidden sentiment association in chinese web opinion mining},
  author={Su, Qi and Xu, Xinying and Guo, Honglei and Guo, Zhili and Wu, Xian and Zhang, Xiaoxun and Swen, Bin and Su, Zhong},
  booktitle={Proc. of WWW}, 
  year={2008}, 
}


@incollection{zeng2013classification,
  title={A classification-based approach for implicit feature identification},
  author={Zeng, Lingwei and Li, Fang},
  booktitle={Chinese Computational Linguistics and Natural Language Processing Based on Naturally Annotated Big Data}, 
  year={2013}, 
}

@inproceedings{hofmann1999probabilistic,
  title={Probabilistic latent semantic indexing},
  author={Hofmann, Thomas},
  booktitle={Proc. of SIGIR}, 
  year={1999}, 
}

@inproceedings{mukherjee2012aspect,
  title={Aspect extraction through semi-supervised modeling},
  author={Mukherjee, Arjun and Liu, Bing},
  booktitle={Proceedings of the 50th Annual Meeting of the Association for Computational Linguistics: Long Papers-Volume 1}, 
  year={2012}, 
}

@inproceedings{andrzejewski2009incorporating,
  title={Incorporating domain knowledge into topic modeling via Dirichlet forest priors},
  author={Andrzejewski, David and Zhu, Xiaojin and Craven, Mark},
  booktitle={Proceedings of the 26th Annual International Conference on Machine Learning}, 
  year={2009}, 
}

@inproceedings{chen2014aspect,
  title={Aspect extraction with automated prior knowledge learning},
  author={Chen, Zhiyuan and Mukherjee, Arjun and Liu, Bing},
  booktitle={Proceedings of ACL}, 
  year={2014}
}

@inproceedings{conrad2007opinion,
  title={Opinion Mining in Legal Blogs},
  author={Conrad, Jack G and Schilder, Frank},
  booktitle={Proceedings of the 11th International Conference on Artificial Intelligence and Law}, 
  year={2007}, 
}

@article{horrigan2008online,
  title={Online Shopping},
  author={Horrigan, John A},
  journal={Pew Internet \& American Life Project Report}, 
  year={2008}
}

@article{rainie2007election,
  title={Election 2006 Online},
  author={Rainie, Lee and Horrigan, John},
  journal={Pew Internet \& American Life Project Report},
  year={2007}
}

@inproceedings{wiebe1999development,
  title={Development and Use of a Gold-standard Data Set for Subjectivity Classifications},
  author={Wiebe, Janyce M and Bruce, Rebecca F and O'Hara, Thomas P},
  booktitle={Proceedings of the 37th Annual Meeting of the Association for Computational Linguistics on Computational Linguistics}, 
  year={1999},
  organization={Association for Computational Linguistics}
}

@book{quirk1985comprehensive,
  title={A Comprehensive Grammar of the English Language},
  author={Quirk, Randolph and Crystal, David and Education, Pearson}, 
  year={1985},
  publisher={Cambridge Univ Press}
}

@inproceedings{dave2003mining,
  title={Mining the Peanut Gallery: Opinion Extraction and Semantic Classification of Product Reviews},
  author={Dave, Kushal and Lawrence, Steve and Pennock, David M},
  booktitle={Proc. of WWW}, 
  year={2003}
}

@book{liu2007web,
  title={Web Data Mining: Exploring Hyperlinks, Contents, and Usage Data},
  author={Liu, Bing},
  year={2007},
  publisher={Springer Science \& Business Media}
}

@inproceedings{das2001yahoo,
  title={Yahoo! for Amazon: Extracting Market Sentiment from Stock Message Boards},
  author={Das, Sanjiv and Chen, Mike},
  booktitle={Proceedings of the Asia Pacific Finance Association Annual Conference (APFA)}, 
  year={2001},
  organization={Bangkok, Thailand}
}

@inproceedings{tong2001operational,
  title={An Operational System for Detecting and Tracking Opinions in On-line Discussion},
  author={Tong, Richard M},
  booktitle={Working Notes of the ACM SIGIR 2001 Workshop on Operational Text Classification}, 
  year={2001}
}

@inproceedings{pang2002thumbs,
  title={Thumbs Up?: Sentiment Classification Using Machine Learning Techniques},
  author={Pang, Bo and Lee, Lillian and Vaithyanathan, Shivakumar},
  booktitle={Proc。 of EMNLP}, 
  year={2002}, 
}

@inproceedings{hatzivassiloglou1997predicting,
  title={Predicting the Semantic Orientation of Adjectives},
  author={Hatzivassiloglou, Vasileios and McKeown, Kathleen R},
  booktitle={Proc. of ACL},  
}

@inproceedings{hatzivassiloglou2000effects,
  title={Effects of Adjective Orientation and Gradability on Sentence Subjectivity},
  author={Hatzivassiloglou, Vasileios and Wiebe, Janyce M},
  booktitle={Proceedings of the 18th Conference on Computational Linguistics-Volume 1},
  pages={299--305},
  year={2000},
  organization={Association for Computational Linguistics}
}

@inproceedings{turney2002thumbs,
  title={Thumbs Up or Thumbs Down?: Semantic Orientation Applied to Unsupervised Classification of Reviews},
  author={Turney, Peter D},
  booktitle={Proceedings of the 40th Annual Meeting on Association for Computational Linguistics},
  pages={417--424},
  year={2002},
  organization={Association for Computational Linguistics}
}

@article{na2004effectiveness,
  title={Effectiveness of Simple Linguistic Processing in Automatic Sentiment Classification of Product Reviews},
  author={Na, Jin-Cheon and Sui, Haiyang and Khoo, Christopher and Chan, Syin and Zhou, Yunyun},
  journal={Advances in Knowledge Organization},
  volume={9},
  pages={49--54},
  year={2004},
  publisher={Citeseer}
}

@article{kennedy2006sentiment,
  title={Sentiment Classification of Movie Reviews Using Contextual Valence Shifters},
  author={Kennedy, Alistair and Inkpen, Diana},
  journal={Computational Intelligence},
  volume={22},
  number={2},
  pages={110--125},
  year={2006}
} 

@article{blei2012probabilistic,
  title={Probabilistic Topic Models},
  author={Blei, David M},
  journal={Communications of the ACM},
  volume={55},
  number={4},
  pages={77--84},
  year={2012},
  publisher={ACM}
}

@inproceedings{lakkaraju2011exploiting,
  title={Exploiting Coherence for the Simultaneous Discovery of Latent Facets and Associated Sentiments},
  author={Lakkaraju, Himabindu and Bhattacharyya, Chiranjib and Bhattacharya, Indrajit and Merugu, Srujana},
  booktitle={SDM},
  year={2011}  
}

@inproceedings{moghaddam2012design,
  title={On the Design of LDA Models for Aspect-based Opinion Mining},
  author={Moghaddam, Samaneh and Ester, Martin},
  booktitle={Proc. of CIKM},  
  year={2012}
}

@inproceedings{he2011automatically,
  title={Automatically Extracting Polarity-bearing Topics for Cross-domain Sentiment Classification},
  author={He, Yulan and Lin, Chenghua and Alani, Harith},
  booktitle={Proc. of CIKM},
  year={2011}
}

@inproceedings{jo2011aspect,
  title={Aspect and Sentiment Unification Model for Online Review Analysis},
  author={Jo, Yohan and Oh, Alice H},
  booktitle={Proceedings of the Fourth ACM International Conference on Web Search and Data Mining},
  pages={815--824},
  year={2011},
  organization={ACM}
}

@inproceedings{li2010sentiment,
  title={Sentiment Analysis with Global Topics and Local Dependency},
  author={Li, Fangtao and Huang, Minlie and Zhu, Xiaoyan},
  booktitle={AAAI Conference on Artificial Intelligence},
  volume={10},
  pages={1371--1376},
  year={2010}
}

@inproceedings{lin2009joint,
  title={Joint Sentiment/Topic Model for Sentiment Analysis},
  author={Lin, Chenghua and He, Yulan},
  booktitle={Proc. of CIKM},
  year={2009},
}

@incollection{zhan2011semantic,
  title={Semantic Dependent Word Pairs Generative Model for Fine-grained Product Feature Mining},
  author={Zhan, Tian-Jie and Li, Chun-Hung},
  booktitle={Advances in Knowledge Discovery and Data Mining},
  pages={460--475},
  year={2011},
  publisher={Springer}
}

@article{lecun1989backpropagation,
  title={Backpropagation Applied to Handwritten Zip Code Recognition},
  author={LeCun, Yann and Boser, Bernhard and Denker, John S and Henderson, Donnie and Howard, Richard E and Hubbard, Wayne and Jackel, Lawrence D},
  journal={Neural Computation},
  volume={1},
  number={4},
  pages={541--551},
  year={1989},
  publisher={MIT Press}
}

@article{hochreiter1997long,
  title={Long Short-term Memory},
  author={Hochreiter, Sepp and Schmidhuber, J{\"u}rgen},
  journal={Neural Computation},
  volume={9},
  number={8},
  pages={1735--1780},
  year={1997},
  publisher={MIT Press}
}

@article{cortes1995support,
  title={Support-vector Networks},
  author={Cortes, Corinna and Vapnik, Vladimir},
  journal={Machine Learning},
  volume={20},
  number={3},
  pages={273--297},
  year={1995},
  publisher={Springer}
}

@article{schmidhuber1992learning,
  title={Learning Complex, Extended Sequences Using the Principle of History Compression},
  author={Schmidhuber, J{\"u}rgen},
  journal={Neural Computation},
  volume={4},
  number={2},
  pages={234--242},
  year={1992},
  publisher={MIT Press}
}

@article{hinton2006reducing,
  title={Reducing the Dimensionality of Data with Neural Networks},
  author={Hinton, Geoffrey E and Salakhutdinov, Ruslan R},
  journal={Science},
  volume={313},
  number={5786},
  pages={504--507},
  year={2006},
  publisher={American Association for the Advancement of Science}
}

@inproceedings{mikolov2013distributed,
  title={Distributed Representations of Words and Phrases and their Compositionality},
  author={Mikolov, Tomas and Sutskever, Ilya and Chen, Kai and Corrado, Greg S and Dean, Jeff},
  booktitle={Advances in Neural Information Processing Systems},
  pages={3111--3119},
  year={2013}
}

@inproceedings{mnih2013learning,
  title={Learning Word Embeddings Efficiently with Noise-contrastive Estimation},
  author={Mnih, Andriy and Kavukcuoglu, Koray},
  booktitle={Advances in Neural Information Processing Systems},
  pages={2265--2273},
  year={2013}
}

@article{bengio2008adaptive,
  title={Adaptive Importance Sampling to Accelerate Training of a Neural Probabilistic Language Model},
  author={Bengio, Yoshua and Sen{\'e}cal, Jean-S{\'e}bastien},
  journal={IEEE Transactions on Neural Networks},
  volume={19},
  number={4},
  pages={713--722},
  year={2008},
  publisher={IEEE}
}

@inproceedings{bengio2003quick,
  title={Quick Training of Probabilistic Neural Nets by Importance Sampling.},
  author={Bengio, Yoshua and Sen{\'e}cal, Jean-S{\'e}bastien and others},
  booktitle={AISTATS},
  year={2003}
}

@inproceedings{levy2014neural,
  title={Neural Word Embedding as Implicit Matrix Factorization},
  author={Levy, Omer and Goldberg, Yoav},
  booktitle={Advances in Neural Information Processing Systems},
  pages={2177--2185},
  year={2014}
}

@inproceedings{pennington2014glove,
  title={Glove: Global Vectors for Word Representation},
  author={Pennington, Jeffrey and Socher, Richard and Manning, Christopher D},
  booktitle={Proc. of EMNLP},
  year={2014}
}

@article{shazeer2016swivel,
  title={Swivel: Improving Embeddings by Noticing What's Missing},
  author={Shazeer, Noam and Doherty, Ryan and Evans, Colin and Waterson, Chris},
  journal={arXiv preprint arXiv:1602.02215},
  year={2016}
}

@incollection{bengio2006neural,
  title={Neural Probabilistic Language Models},
  author={Bengio, Yoshua and Schwenk, Holger and Sen{\'e}cal, Jean-S{\'e}bastien and Morin, Fr{\'e}deric and Gauvain, Jean-Luc},
  booktitle={Innovations in Machine Learning},
  pages={137--186},
  year={2006},
  publisher={Springer}
}

@article{hochreiter1991untersuchungen,
  title={Untersuchungen zu Dynamischen Neuronalen Netzen},
  author={Hochreiter, Sepp},
  journal={Master's thesis, Institut fur Informatik, Technische Universitat, Munchen},
  year={1991}
}

@misc{hochreiter2001gradient,
  title={Gradient Flow in Recurrent Nets: the Difficulty of Learning Long-term Dependencies},
  author={Hochreiter, Sepp and Bengio, Yoshua and Frasconi, Paolo and Schmidhuber, J{\"u}rgen},
  year={2001},
  publisher={A Field Guide to Dynamical Recurrent Neural Networks. IEEE Press}
}

@article{mikolov2013efficient,
  title={Efficient Estimation of Word Representations in Vector Space},
  author={Mikolov, Tomas and Chen, Kai and Corrado, Greg and Dean, Jeffrey},
  journal={arXiv preprint arXiv:1301.3781},
  year={2013}
}

@article{cho2015on,
  title={On Using Very Large Target Vocabulary for Neural Machine Translation},
  author={Cho, S{\'e}bastien Jean Kyunghyun and Memisevic, Roland and Bengio, Yoshua}
}

@inproceedings{devlin2014fast,
  title={Fast and Robust Neural Network Joint Models for Statistical Machine Translation.},
  author={Devlin, Jacob and Zbib, Rabih and Huang, Zhongqiang and Lamar, Thomas and Schwartz, Richard M and Makhoul, John},
  booktitle={Proceedings of the 52th Annual Meeting of the Association for Computational Linguistics on Computational Linguistics},
  pages={1370--1380},
  year={2014},
  organization={Citeseer}
}
@inproceedings{pascanu2013on,
  title={On the Difficulty of Training Recurrent Neural Networks},
  author={Pascanu, Razvan and Mikolov, Tomas and Bengio, Yoshua},
  booktitle={International Conference on Machine Learning},
  year={2013}
}

@article{he2015deep,
  title={Deep Residual Learning for Image Recognition},
  author={He, Kaiming and Zhang, Xiangyu and Ren, Shaoqing and Sun, Jian},
  journal={arXiv preprint arXiv:1512.03385},
  year={2015},
}


@article{huang2016deep,
  title={Deep Networks with Stochastic Depth},
  author={Huang, Gao and Sun, Yu and Liu, Zhuang and Sedra, Daniel and Weinberger, Kilian Q.},
  journal={arXiv preprint arXiv:1603.09382},
  year={2016}
}

@inproceedings{le2014distributed,
  title={Distributed Representations of Sentences and Documents},
  author={Le, Quoc V. and Mikolov, Tomas},
  booktitle={ICML},
  year={2014}
}

@article{bengio2000a,
  title={A Neural Probabilistic Language Model},
  author={Bengio, Yoshua and Ducharme, R{\'e}jean and Vincent, Pascal and Janvin, Christian},
  journal={Journal of Machine Learning Research},
  year={2000},
  volume={3},
  pages={1137-1155}
}

@inproceedings{steyvers2005probabilistic,
  title={Probabilistic Topic Models},
  author={Steyvers, Mark and Griffiths, Tom},
  year={2005}
}

@article{fukushima1979organization,
  title={Organization of Trigeminothalamic Tracts and Other Thalamic Afferent Systems of the Brainstem in the Rat: Presence of Gelatinosa Neurons with Thalamic Connections},
  author={Fukushima, Takanori and Kerr, Frederick WL},
  journal={Journal of Comparative Neurology},
  volume={183},
  number={1},
  pages={169--184},
  year={1979},
  publisher={Wiley Online Library}
}

@inproceedings{titov2008modeling,
  title={Modeling Online Reviews with Multi-grain Topic Models},
  author={Titov, Ivan and McDonald, Ryan},
  booktitle={WWW},
  year={2008}
}

@inproceedings{jozefowicz2015empirical,
  title={An Empirical Exploration of Recurrent Network Architectures},
  author={Jozefowicz, Rafal and Zaremba, Wojciech and Sutskever, Ilya},
  booktitle={Proceedings of the 32nd International Conference on Machine Learning (ICML-15)},
  pages={2342--2350},
  year={2015}
}

@inproceedings{agirrea2015semeval,
  title={Semeval-2015 Task 2: Semantic Textual Similarity, English, Spanish and Pilot on Interpretability},
  author={Agirrea, Eneko and Baneab, Carmen and Cardiec, Claire and Cerd, Daniel and Diabe, Mona and Gonzalez-Agirrea, Aitor and Guof, Weiwei and Lopez-Gazpioa, Inigo and Maritxalara, Montse and Mihalceab, Rada and others},
  booktitle={Proceedings of the 9th International Workshop on Semantic Evaluation (SemEval 2015)},
  pages={252--263},
  year={2015}
}

@inproceedings{socher2013recursive,
  title={Recursive Deep Models for Semantic Compositionality Over a Sentiment Treebank},
  author={Socher, Richard and Perelygin, Alex and Wu, Jean Y and Chuang, Jason and Manning, Christopher D and Ng, Andrew Y and Potts, Christopher},
  booktitle={EMNLP},
  pages={1631--1642},
  year={2013}
}

@article{rumelhart1988learning,
    title={Learning Representations by Back-propagating Errors},
    author={Rumelhart, David E and Hinton, Geoffrey E and Williams, Ronald J},
    journal={Cognitive Modeling},
    volume={5},
    pages={3},
    year={1988},
    category={Neural Language Models}
}

@article{levy2015improving,
  title={Improving distributional similarity with lessons learned from word embeddings},
  author={Levy, Omer and Goldberg, Yoav and Dagan, Ido},
  journal={Transactions of the Association for Computational Linguistics},
  volume={3},
  pages={211--225},
  year={2015}
}

@inproceedings{mikolov2013linguistic,
  title={Linguistic Regularities in Continuous Space Word Representations.},
  author={Mikolov, Tomas and Yih, Wen-tau and Zweig, Geoffrey},
  booktitle={HLT-NAACL},
  pages={746--751},
  year={2013}
}

@InProceedings{dlscu,
  author    = {Sultan, Md Arafat  and  Bethard, Steven  and  Sumner, Tamara},
  title     = {DLS$@$CU: Sentence Similarity from Word Alignment and Semantic Vector Composition},
  booktitle = {Proceedings of the 9th International Workshop on Semantic Evaluation (SemEval 2015)},
  month     = {June},
  year      = {2015},
  address   = {Denver, Colorado},
  publisher = {Association for Computational Linguistics},
  pages     = {148--153},
  url       = {http://www.aclweb.org/anthology/S15-2027}
}

@inproceedings{maas2011learning,
  title={Learning word vectors for sentiment analysis},
  author={Maas, Andrew L and Daly, Raymond E and Pham, Peter T and Huang, Dan and Ng, Andrew Y and Potts, Christopher},
  booktitle={Proceedings of the 49th Annual Meeting of the Association for Computational Linguistics: Human Language Technologies-Volume 1},
  pages={142--150},
  year={2011},
  organization={Association for Computational Linguistics}
}

@inproceedings{dos2014deep,
  title={Deep Convolutional Neural Networks for Sentiment Analysis of Short Texts.},
  author={dos Santos, C{\'\i}cero Nogueira and Gatti, Maira},
  booktitle={COLING},
  pages={69--78},
  year={2014}
}

@inproceedings{tang2015document,
  title={Document modeling with gated recurrent neural network for sentiment classification},
  author={Tang, Duyu and Qin, Bing and Liu, Ting},
  booktitle={Proceedings of the 2015 Conference on Empirical Methods in Natural Language Processing},
  pages={1422--1432},
  year={2015}
}

@InProceedings{manning-EtAl:2014:P14-5,
  author    = {Manning, Christopher D. and  Surdeanu, Mihai  and  Bauer, John  and  Finkel, Jenny  and  Bethard, Steven J. and  McClosky, David},
  title     = {The {Stanford} {CoreNLP} Natural Language Processing Toolkit},
  booktitle = {Association for Computational Linguistics (ACL) System Demonstrations},
  year      = {2014},
  pages     = {55--60},
  url       = {http://www.aclweb.org/anthology/P/P14/P14-5010}
}

@article{li2017document,
  title={Document Visualization using Topic Clouds},
  author={Li, Shaohua and Chua, Tat-Seng},
  journal={arXiv preprint arXiv:1702.01520},
  year={2017}
}
