@article{liu2021coreference,
  title={Coreference-Aware Dialogue Summarization},
  author={Liu, Zhengyuan and Shi, Ke and Chen, Nancy F},
  journal={arXiv preprint arXiv:2106.08556},
  year={2021}
}

@inproceedings{chen2021structure,
	title={Structure-Aware Abstractive Conversation Summarization via Discourse and Action Graphs},
	author={Chen, Jiaao and Yang, Diyi},
	booktitle={Proceedings of the 2021 Conference of the North American Chapter of the Association for Computational Linguistics: Human Language Technologies},
	pages={1380--1391},
	year={2021}
}


@article{feng2021language,
	title={Language Model as an Annotator: Exploring DialoGPT for Dialogue Summarization},
	author={Feng, Xiachong and Feng, Xiaocheng and Qin, Libo and Qin, Bing and Liu, Ting},
	journal={arXiv preprint arXiv:2105.12544},
	year={2021}
}


@inproceedings{chen2020multi,
	title={Multi-View Sequence-to-Sequence Models with Conversational Structure for Abstractive Dialogue Summarization},
	author={Chen, Jiaao and Yang, Diyi},
	booktitle={Proceedings of the 2020 Conference on Empirical Methods in Natural Language Processing (EMNLP)},
	pages={4106--4118},
	year={2020}
}

@inproceedings{see2017get,
	title={Get To The Point: Summarization with Pointer-Generator Networks},
	author={See, Abigail and Liu, Peter J and Manning, Christopher D},
	booktitle={Proceedings of the 55th Annual Meeting of the Association for Computational Linguistics (Volume 1: Long Papers)},
	pages={1073--1083},
	year={2017}
}

@inproceedings{chen2018fast,
	title={Fast Abstractive Summarization with Reinforce-Selected Sentence Rewriting},
	author={Chen, Yen-Chun and Bansal, Mohit},
	booktitle={Proceedings of the 56th Annual Meeting of the Association for Computational Linguistics (Volume 1: Long Papers)},
	pages={675--686},
	year={2018}
}


@article{fabbri2021convosumm,
	title={ConvoSumm: Conversation Summarization Benchmark and Improved Abstractive Summarization with Argument Mining},
	author={Fabbri, Alexander R and Rahman, Faiaz and Rizvi, Imad and Wang, Borui and Li, Haoran and Mehdad, Yashar and Radev, Dragomir},
	journal={arXiv preprint arXiv:2106.00829},
	year={2021}
}

@article{chen2021dialsumm,
	title={DialSumm: A Real-Life Scenario Dialogue Summarization Dataset},
	author={Chen, Yulong and Liu, Yang and Chen, Liang and Zhang, Yue},
	journal={arXiv preprint arXiv:2105.06762},
	year={2021}
}


@article{gliwa2019samsum,
	title={SAMSum Corpus: A Human-annotated Dialogue Dataset for Abstractive Summarization},
	author={Gliwa, Bogdan and Mochol, Iwona and Biesek, Maciej and Wawer, Aleksander},
	journal={EMNLP-IJCNLP 2019},
	pages={70},
	year={2019}
}

@inproceedings{goo2018abstractive,
	title={Abstractive dialogue summarization with sentence-gated modeling optimized by dialogue acts},
	author={Goo, Chih-Wen and Chen, Yun-Nung},
	booktitle={2018 IEEE Spoken Language Technology Workshop (SLT)},
	pages={735--742},
	year={2018},
	organization={IEEE}
}

@inproceedings{lewis2020bart,
	title={BART: Denoising Sequence-to-Sequence Pre-training for Natural Language Generation, Translation, and Comprehension},
	author={Lewis, Mike and Liu, Yinhan and Goyal, Naman and Ghazvininejad, Marjan and Mohamed, Abdelrahman and Levy, Omer and Stoyanov, Veselin and Zettlemoyer, Luke},
	booktitle={Proceedings of the 58th Annual Meeting of the Association for Computational Linguistics},
	pages={7871--7880},
	year={2020}
}

@inproceedings{zhang2020pegasus,
	title={Pegasus: Pre-training with extracted gap-sentences for abstractive summarization},
	author={Zhang, Jingqing and Zhao, Yao and Saleh, Mohammad and Liu, Peter},
	booktitle={International Conference on Machine Learning},
	pages={11328--11339},
	year={2020},
	organization={PMLR}
}



@article{raffel2020exploring,
	title={Exploring the Limits of Transfer Learning with a Unified Text-to-Text Transformer},
	author={Raffel, Colin and Shazeer, Noam and Roberts, Adam and Lee, Katherine and Narang, Sharan and Matena, Michael and Zhou, Yanqi and Li, Wei and Liu, Peter J},
	journal={Journal of Machine Learning Research},
	volume={21},
	pages={1--67},
	year={2020}
}

@inproceedings{zhang2020dialogpt,
	title={DIALOGPT: Large-Scale Generative Pre-training for Conversational Response Generation},
	author={Zhang, Yizhe and Sun, Siqi and Galley, Michel and Chen, Yen-Chun and Brockett, Chris and Gao, Xiang and Gao, Jianfeng and Liu, Jingjing and Dolan, William B},
	booktitle={Proceedings of the 58th Annual Meeting of the Association for Computational Linguistics: System Demonstrations},
	pages={270--278},
	year={2020}
}


@inproceedings{henderson2020convert,
	title={ConveRT: Efficient and Accurate Conversational Representations from Transformers},
	author={Henderson, Matthew and Casanueva, I{\~n}igo and Mrk{\v{s}}i{\'c}, Nikola and Su, Pei-Hao and Wen, Tsung-Hsien and Vuli{\'c}, Ivan},
	booktitle={Proceedings of the 2020 Conference on Empirical Methods in Natural Language Processing: Findings},
	pages={2161--2174},
	year={2020}
}


@inproceedings{bao2020plato,
	title={PLATO: Pre-trained Dialogue Generation Model with Discrete Latent Variable},
	author={Bao, Siqi and He, Huang and Wang, Fan and Wu, Hua and Wang, Haifeng},
	booktitle={Proceedings of the 58th Annual Meeting of the Association for Computational Linguistics},
	pages={85--96},
	year={2020}
}

@article{hermann2015teaching,
	title={Teaching machines to read and comprehend},
	author={Hermann, Karl Moritz and Kocisky, Tomas and Grefenstette, Edward and Espeholt, Lasse and Kay, Will and Suleyman, Mustafa and Blunsom, Phil},
	journal={Advances in neural information processing systems},
	volume={28},
	pages={1693--1701},
	year={2015}
}



@article{sun2019dream,
	title={Dream: A challenge data set and models for dialogue-based reading comprehension},
	author={Sun, Kai and Yu, Dian and Chen, Jianshu and Yu, Dong and Choi, Yejin and Cardie, Claire},
	journal={Transactions of the Association for Computational Linguistics},
	volume={7},
	pages={217--231},
	year={2019},
	publisher={MIT Press}
}

@inproceedings{yang2019friendsqa,
	title={FriendsQA: Open-domain question answering on TV show transcripts},
	author={Yang, Zhengzhe and Choi, Jinho D},
	booktitle={Proceedings of the 20th Annual SIGdial Meeting on Discourse and Dialogue},
	pages={188--197},
	year={2019}
}



@inproceedings{henderson2019repository,
	title={A Repository of Conversational Datasets},
	author={Henderson, Matthew and Budzianowski, Pawe{\l} and Casanueva, I{\~n}igo and Coope, Sam and Gerz, Daniela and Kumar, Girish and Mrk{\v{s}}i{\'c}, Nikola and Spithourakis, Georgios and Su, Pei-Hao and Vuli{\'c}, Ivan and others},
	booktitle={Proceedings of the First Workshop on NLP for Conversational AI},
	pages={1--10},
	year={2019}
}

@article{cho2014learning,
	title={Learning phrase representations using RNN encoder-decoder for statistical machine translation},
	author={Cho, Kyunghyun and Van Merri{\"e}nboer, Bart and Gulcehre, Caglar and Bahdanau, Dzmitry and Bougares, Fethi and Schwenk, Holger and Bengio, Yoshua},
	journal={arXiv preprint arXiv:1406.1078},
	year={2014}
}

@article{demszky2018transforming,
	title={Transforming question answering datasets into natural language inference datasets},
	author={Demszky, Dorottya and Guu, Kelvin and Liang, Percy},
	journal={arXiv preprint arXiv:1809.02922},
	year={2018}
}

@inproceedings{durmus2020feqa,
	title={FEQA: A Question Answering Evaluation Framework for Faithfulness Assessment in Abstractive Summarization},
	author={Durmus, Esin and He, He and Diab, Mona},
	booktitle={Proceedings of the 58th Annual Meeting of the Association for Computational Linguistics},
	pages={5055--5070},
	year={2020}
}

@inproceedings{wang2020asking,
	title={Asking and Answering Questions to Evaluate the Factual Consistency of Summaries},
	author={Wang, Alex and Cho, Kyunghyun and Lewis, Mike},
	booktitle={Proceedings of the 58th Annual Meeting of the Association for Computational Linguistics},
	pages={5008--5020},
	year={2020}
}

@inproceedings{papineni2002bleu,
	title={Bleu: a method for automatic evaluation of machine translation},
	author={Papineni, Kishore and Roukos, Salim and Ward, Todd and Zhu, Wei-Jing},
	booktitle={Proceedings of the 40th annual meeting of the Association for Computational Linguistics},
	pages={311--318},
	year={2002}
}

@inproceedings{ma2018challenging,
	title={Challenging reading comprehension on daily conversation: Passage completion on multiparty dialog},
	author={Ma, Kaixin and Jurczyk, Tomasz and Choi, Jinho D},
	booktitle={Proceedings of the 2018 Conference of the North American Chapter of the Association for Computational Linguistics: Human Language Technologies, Volume 1 (Long Papers)},
	pages={2039--2048},
	year={2018}
}

@article{brown2020language,
	title={Language models are few-shot learners},
	author={Brown, Tom B and Mann, Benjamin and Ryder, Nick and Subbiah, Melanie and Kaplan, Jared and Dhariwal, Prafulla and Neelakantan, Arvind and Shyam, Pranav and Sastry, Girish and Askell, Amanda and others},
	journal={arXiv preprint arXiv:2005.14165},
	year={2020}
}

@inproceedings{zhu2015aligning,
	title={Aligning books and movies: Towards story-like visual explanations by watching movies and reading books},
	author={Zhu, Yukun and Kiros, Ryan and Zemel, Rich and Salakhutdinov, Ruslan and Urtasun, Raquel and Torralba, Antonio and Fidler, Sanja},
	booktitle={Proceedings of the IEEE international conference on computer vision},
	pages={19--27},
	year={2015}
}

@inproceedings{narayan2018don,
	title={Donâ€™t Give Me the Details, Just the Summary! Topic-Aware Convolutional Neural Networks for Extreme Summarization},
	author={Narayan, Shashi and Cohen, Shay B and Lapata, Mirella},
	booktitle={Proceedings of the 2018 Conference on Empirical Methods in Natural Language Processing},
	pages={1797--1807},
	year={2018}
}


@inproceedings{cohan2018discourse,
	title={A Discourse-Aware Attention Model for Abstractive Summarization of Long Documents},
	author={Cohan, Arman and Dernoncourt, Franck and Kim, Doo Soon and Bui, Trung and Kim, Seokhwan and Chang, Walter and Goharian, Nazli},
	booktitle={Proceedings of the 2018 Conference of the North American Chapter of the Association for Computational Linguistics: Human Language Technologies, Volume 2 (Short Papers)},
	pages={615--621},
	year={2018}
}

@inproceedings{mccowan2005ami,
	title={The AMI meeting corpus},
	author={McCowan, Iain and Carletta, Jean and Kraaij, Wessel and Ashby, Simone and Bourban, S and Flynn, M and Guillemot, M and Hain, Thomas and Kadlec, J and Karaiskos, Vasilis and others},
	booktitle={Proceedings of the 5th international conference on methods and techniques in behavioral research},
	volume={88},
	pages={100},
	year={2005},
	organization={Citeseer}
}

@inproceedings{liu2018generating,
	title={Generating Wikipedia by Summarizing Long Sequences},
	author={Liu, Peter J and Saleh, Mohammad and Pot, Etienne and Goodrich, Ben and Sepassi, Ryan and Kaiser, Lukasz and Shazeer, Noam},
	booktitle={International Conference on Learning Representations},
	year={2018}
}

@inproceedings{lin2004rouge,
	title={Rouge: A package for automatic evaluation of summaries},
	author={Lin, Chin-Yew},
	booktitle={Text summarization branches out},
	pages={74--81},
	year={2004}
}

@inproceedings{serban2016building,
	title={Building end-to-end dialogue systems using generative hierarchical neural network models},
	author={Serban, Iulian and Sordoni, Alessandro and Bengio, Yoshua and Courville, Aaron and Pineau, Joelle},
	booktitle={Proceedings of the AAAI Conference on Artificial Intelligence},
	year={2016}
}

@inproceedings{vaswani2017attention,
	title={Attention is all you need},
	author={Vaswani, Ashish and Shazeer, Noam and Parmar, Niki and Uszkoreit, Jakob and Jones, Llion and Gomez, Aidan N and Kaiser, {\L}ukasz and Polosukhin, Illia},
	booktitle={Advances in neural information processing systems},
	pages={5998--6008},
	year={2017}
}

@article{narayan2021planning,
	title={Planning with Entity Chains for Abstractive Summarization},
	author={Narayan, Shashi and Zhao, Yao and Maynez, Joshua and Simoes, Gon{\c{c}}alo and McDonald, Ryan},
	journal={arXiv preprint arXiv:2104.07606},
	year={2021}
}

@article{wu2021controllable,
	title={Controllable Abstractive Dialogue Summarization with Sketch Supervision},
	author={Wu, Chien-Sheng and Liu, Linqing and Liu, Wenhao and Stenetorp, Pontus and Xiong, Caiming},
	journal={arXiv preprint arXiv:2105.14064},
	year={2021}
}

@inproceedings{maynez2020faithfulness,
	title={On Faithfulness and Factuality in Abstractive Summarization},
	author={Maynez, Joshua and Narayan, Shashi and Bohnet, Bernd and McDonald, Ryan},
	booktitle={Proceedings of the 58th Annual Meeting of the Association for Computational Linguistics},
	pages={1906--1919},
	year={2020}
}

@inproceedings{cao2018faithful,
	title={Faithful to the original: Fact aware neural abstractive summarization},
	author={Cao, Ziqiang and Wei, Furu and Li, Wenjie and Li, Sujian},
	booktitle={Proceedings of the AAAI Conference on Artificial Intelligence},
	volume={32},
	number={1},
	year={2018}
}

@article{feng2021survey,
	title={A Survey on Dialogue Summarization: Recent Advances and New Frontiers},
	author={Feng, Xiachong and Feng, Xiaocheng and Qin, Bing},
	journal={arXiv preprint arXiv:2107.03175},
	year={2021}
}

@inproceedings{rameshkumar2020storytelling,
	title={Storytelling with dialogue: A critical role dungeons and dragons dataset},
	author={Rameshkumar, Revanth and Bailey, Peter},
	booktitle={Proceedings of the 58th Annual Meeting of the Association for Computational Linguistics},
	pages={5121--5134},
	year={2020}
}

