@inproceedings{rameshkumar2020storytelling,
  title={Storytelling with dialogue: A critical role dungeons and dragons dataset},
  author={Rameshkumar, Revanth and Bailey, Peter},
  booktitle={Proceedings of the 58th Annual Meeting of the Association for Computational Linguistics},
  pages={5121--5134},
  year={2020}
}

@inproceedings{chen2018fast,
	title={Fast Abstractive Summarization with Reinforce-Selected Sentence Rewriting},
	author={Chen, Yen-Chun and Bansal, Mohit},
	booktitle={Proceedings of the 56th Annual Meeting of the Association for Computational Linguistics (Volume 1: Long Papers)},
	pages={675--686},
	year={2018}
}

@article{chen2021dialsumm,
	title={DialSumm: A Real-Life Scenario Dialogue Summarization Dataset},
	author={Chen, Yulong and Liu, Yang and Chen, Liang and Zhang, Yue},
	journal={arXiv preprint arXiv:2105.06762},
	year={2021}
}

@article{fabbri2021convosumm,
	title={ConvoSumm: Conversation Summarization Benchmark and Improved Abstractive Summarization with Argument Mining},
	author={Fabbri, Alexander R and Rahman, Faiaz and Rizvi, Imad and Wang, Borui and Li, Haoran and Mehdad, Yashar and Radev, Dragomir},
	journal={arXiv preprint arXiv:2106.00829},
	year={2021}
}