@inproceedings{graves2006connectionist,
  title={Connectionist temporal classification: labelling unsegmented sequence data with recurrent neural networks},
  author={Graves, Alex and Fern{\'a}ndez, Santiago and Gomez, Faustino and Schmidhuber, J{\"u}rgen},
  booktitle={Proceedings of the 23rd international conference on Machine learning},
  pages={369--376},
  year={2006},
  organization={ACM}
}

@article{bai2018edit,
  title={Edit Probability for Scene Text Recognition},
  author={Bai, Fan and Cheng, Zhanzhan and Niu, Yi and Pu, Shiliang and Zhou, Shuigeng},
  journal={arXiv preprint arXiv:1805.03384},
  year={2018}
}
@inproceedings{xu2015show,
  title={Show, attend and tell: Neural image caption generation with visual attention},
  author={Xu, Kelvin and Ba, Jimmy and Kiros, Ryan and Cho, Kyunghyun and Courville, Aaron and Salakhudinov, Ruslan and Zemel, Rich and Bengio, Yoshua},
  booktitle={International conference on machine learning},
  pages={2048--2057},
  year={2015}
}
@article{yang2018dense,
  title={Dense and Tight Detection of Chinese Characters in Historical Documents: Datasets and a Recognition Guided Detector},
  author={Yang, Hailin and Jin, Lianwen and Huang, Weiguo and Yang, Zhaoyang and Lai, Songxuan and Sun, Jifeng},
  journal={IEEE Access},
  year={2018},
  publisher={IEEE}
}
@inproceedings{nguyen2015deep,
  title={Deep neural networks are easily fooled: High confidence predictions for unrecognizable images},
  author={Nguyen, Anh and Yosinski, Jason and Clune, Jeff},
  booktitle={Proceedings of the IEEE Conference on Computer Vision and Pattern Recognition},
  pages={427--436},
  year={2015}
}
@article{reddy1977speech,
  title={Speech understanding systems: A summary of results of the five-year research effort},
  author={Reddy, D Raj and others},
  journal={Department of Computer Science. Camegie-Mell University, Pittsburgh, PA},
  year={1977}
}
@article{kukich1992techniques,
  title={Techniques for automatically correcting words in text},
  author={Kukich, Karen},
  journal={Acm Computing Surveys (CSUR)},
  volume={24},
  number={4},
  pages={377--439},
  year={1992},
  publisher={ACM}
}
@article{muhlenbach2004identifying,
  title={Identifying and handling mislabelled instances},
  author={Muhlenbach, Fabrice and Lallich, St{\'e}phane and Zighed, Djamel A},
  journal={Journal of Intelligent Information Systems},
  volume={22},
  number={1},
  pages={89--109},
  year={2004},
  publisher={Springer}
}
@article{brodley1999identifying,
  title={Identifying mislabeled training data},
  author={Brodley, Carla E and Friedl, Mark A},
  journal={Journal of Artificial Intelligence Research},
  volume={11},
  pages={131--167},
  year={1999}
}
@article{frenay2014classification,
  title={Classification in the presence of label noise: a survey},
  author={Fr{\'e}nay, Beno{\^\i}t and Verleysen, Michel},
  journal={IEEE transactions on Neural Networks and Learning Systems},
  volume={25},
  number={5},
  pages={845--869},
  year={2014},
  publisher={IEEE}
}
@article{tichy1984string,
  title={The string-to-string correction problem with block moves},
  author={Tichy, Walter F},
  journal={ACM Transactions on Computer Systems (TOCS)},
  volume={2},
  number={4},
  pages={309--321},
  year={1984},
  publisher={ACM}
}
@inproceedings{kececioglu1993exact,
  title={Exact and approximation algorithms for the inversion distance between two chromosomes},
  author={Kececioglu, John and Sankoff, David},
  booktitle={Annual Symposium on Combinatorial Pattern Matching},
  pages={87--105},
  year={1993},
  organization={Springer}
}
@article{yin2017scene,
  title={Scene Text Recognition with Sliding Convolutional Character Models},
  author={Yin, Fei and Wu, Yi-Chao and Zhang, Xu-Yao and Liu, Cheng-Lin},
  journal={arXiv preprint arXiv:1709.01727},
  year={2017}
}
@article{navarro2001guided,
  title={A guided tour to approximate string matching},
  author={Navarro, Gonzalo},
  journal={ACM Computing Surveys (CSUR)},
  volume={33},
  number={1},
  pages={31--88},
  year={2001},
  publisher={ACM}
}
@article{zhou2017brief,
  title={A brief introduction to weakly supervised learning},
  author={Zhou, Zhi-Hua},
  journal={National Science Review},
  year={2017}
}
@article{cheung2001arabic,
  title={An Arabic optical character recognition system using recognition-based segmentation},
  author={Cheung, Anthony and Bennamoun, Mohammed and Bergmann, Neil W},
  journal={Pattern Recognition},
  volume={34},
  number={2},
  pages={215--233},
  year={2001},
  publisher={Elsevier}
}
@article{wu2017improving,
  title={Improving handwritten Chinese text recognition using neural network language models and convolutional neural network shape models},
  author={Wu, Yi-Chao and Yin, Fei and Liu, Cheng-Lin},
  journal={Pattern Recognition},
  volume={65},
  pages={251--264},
  year={2017},
  publisher={Elsevier}
}
@inproceedings{daifallah2009recognition,
  title={Recognition-based segmentation algorithm for on-line arabic handwriting},
  author={Daifallah, Khaled and Zarka, Nizar and Jamous, Hassan},
  booktitle={International Conference on Document Analysis and Recognition (ICDAR)},
  pages={886--890},
  year={2009},
  organization={IEEE}
}
@inproceedings{schenkel1993recognition,
  title={Recognition-based segmentation of on-line hand-printed words},
  author={Schenkel, Markus and Weissman, Haim and Guyon, Isabelle and Nohl, Craig and Henderson, Donnie},
  booktitle={Advances in Neural Information Processing Systems},
  pages={723--730},
  year={1993}
}
@article{sayre1973machine,
  title={Machine recognition of handwritten words: A project report},
  author={Sayre, Kenneth M},
  journal={Pattern recognition},
  volume={5},
  number={3},
  pages={213--228},
  year={1973},
  publisher={Elsevier}
}
@article{casey1996survey,
  title={A survey of methods and strategies in character segmentation},
  author={Casey, Richard G and Lecolinet, Eric},
  journal={IEEE Transactions on Pattern Analysis and Machine Intelligence},
  volume={18},
  number={7},
  pages={690--706},
  year={1996},
  publisher={IEEE}
}

@inproceedings{breuel2017robust,
  title={Robust, Simple Page Segmentation Using Hybrid Convolutional MDLSTM Networks},
  author={Breuel, Thomas M},
  booktitle={International Conference on Document Analysis and Recognition (ICDAR)},
  volume={1},
  pages={733--740},
  year={2017},
  organization={IEEE}
}
@inproceedings{renton2017handwritten,
  title={Handwritten text line segmentation using Fully Convolutional Network},
  author={Renton, Guillaume and Chatelain, Clement and Adam, Sebastien and Kermorvant, Christopher and Paquet, Thierry},
  booktitle={International Conference on Document Analysis and Recognition (ICDAR)},
  volume={5},
  pages={5--9},
  year={2017},
  organization={IEEE}
}
@inproceedings{vo2016dense,
  title={Dense prediction for text line segmentation in handwritten document images},
  author={Vo, Quang Nhat and Lee, GueeSang},
  booktitle={International Conference on Image Processing (ICIP)},
  pages={3264--3268},
  year={2016},
  organization={IEEE}
}
@inproceedings{moysset2015paragraph,
  title={Paragraph text segmentation into lines with recurrent neural networks},
  author={Moysset, Bastien and Kermorvant, Christopher and Wolf, Christian and Louradour, J{\'e}r{\^o}me},
  booktitle={International Conference on Document Analysis and Recognition (ICDAR)},
  pages={456--460},
  year={2015},
  organization={IEEE}
}
@article{gruning2017read,
  title={READ-BAD: A New Dataset and Evaluation Scheme for Baseline Detection in Archival Documents},
  author={Gr{\"u}ning, Tobias and Labahn, Roger and Diem, Markus and Kleber, Florian and Fiel, Stefan},
  journal={arXiv preprint arXiv:1705.03311},
  year={2017}
}
@article{likforman2007text,
  title={Text line segmentation of historical documents: a survey},
  author={Likforman-Sulem, Laurence and Zahour, Abderrazak and Taconet, Bruno},
  journal={International Journal of Document Analysis and Recognition (IJDAR)},
  volume={9},
  number={2-4},
  pages={123--138},
  year={2007},
  publisher={Springer}
}
@inproceedings{long2015fully,
  title={Fully convolutional networks for semantic segmentation},
  author={Long, Jonathan and Shelhamer, Evan and Darrell, Trevor},
  booktitle={Proceedings of the IEEE Conference on Computer Vision and Pattern Recognition (CVPR)},
  pages={3431--3440},
  year={2015}
}
@inproceedings{he2017multi,
  title={Multi-Scale Multi-Task FCN for Semantic Page Segmentation and Table Detection},
  author={He, Dafang and Cohen, Scott and Price, Brian and Kifer, Daniel and Giles, C Lee},
  booktitle={International Conference on Document Analysis and Recognition (ICDAR)},
  volume={1},
  pages={254--261},
  year={2017},
  organization={IEEE}
}
@inproceedings{breuel2017robust,
  title={Robust, Simple Page Segmentation Using Hybrid Convolutional MDLSTM Networks},
  author={Breuel, Thomas M},
  booktitle={International Conference on Document Analysis and Recognition (ICDAR)},
  volume={1},
  pages={733--740},
  year={2017},
  organization={IEEE}
}
@inproceedings{chen2017convolutional,
  title={Convolutional neural networks for page segmentation of historical document images},
  author={Chen, Kai and Seuret, Mathias and Hennebert, Jean and Ingold, Rolf},
  booktitle={International Conference on Document Analysis and Recognition (ICDAR)},
  volume={1},
  pages={965--970},
  year={2017},
  organization={IEEE}
}
@inproceedings{xu2017page,
  title={Page segmentation for historical handwritten documents using fully convolutional networks},
  author={Xu, Yue and He, Wenhao and Yin, Fei and Liu, Cheng-Lin},
  booktitle={International Conference on Document Analysis and Recognition (ICDAR)},
  volume={1},
  pages={541--546},
  year={2017},
  organization={IEEE}
}
@inproceedings{schenkel1993recognition,
  title={Recognition-based segmentation of on-line hand-printed words},
  author={Schenkel, Markus and Weissman, Haim and Guyon, Isabelle and Nohl, Craig and Henderson, Donnie},
  booktitle={Advances in Neural Information Processing Systems},
  pages={723--730},
  year={1993}
}
@inproceedings{asi2014coarse,
  title={A coarse-to-fine approach for layout analysis of ancient manuscripts},
  author={Asi, Abedelkadir and Cohen, Rafi and Kedem, Klara and El-Sana, Jihad and Dinstein, Itshak},
  booktitle={International Conference on Frontiers in Handwriting Recognition (ICFHR)},
  pages={140--145},
  year={2014},
  organization={IEEE}
}
@inproceedings{cohen2013robust,
  title={Robust text and drawing segmentation algorithm for historical documents},
  author={Cohen, Rafi and Asi, Abedelkadir and Kedem, Klara and El-Sana, Jihad and Dinstein, Itshak},
  booktitle={Proceedings of the 2nd International Workshop on Historical Document Imaging and Processing},
  pages={110--117},
  year={2013},
  organization={ACM}
}
@inproceedings{panichkriangkrai2013character,
  title={Character segmentation and retrieval for learning support system of Japanese historical books},
  author={Panichkriangkrai, Chulapong and Li, Liang and Hachimura, Kozaburo},
  booktitle={Proceedings of the 2nd International Workshop on Historical Document Imaging and Processing},
  pages={118--122},
  year={2013},
  organization={ACM}
}
@inproceedings{bukhari2012layout,
  title={Layout analysis for arabic historical document images using machine learning},
  author={Bukhari, Syed Saqib and Breuel, Thomas M and Asi, Abedelkadir and El-Sana, Jihad},
  booktitle={International Conference on Frontiers in Handwriting Recognition (ICFHR)},
  pages={639--644},
  year={2012},
  organization={IEEE}
}
@inproceedings{bukhari2012layout,
  title={Layout analysis for arabic historical document images using machine learning},
  author={Bukhari, Syed Saqib and Breuel, Thomas M and Asi, Abedelkadir and El-Sana, Jihad},
  booktitle={International Conference on Frontiers in Handwriting Recognition (ICFHR)},
  pages={639--644},
  year={2012},
  organization={IEEE}
}
@article{grana2011automatic,
  title={Automatic segmentation of digitalized historical manuscripts},
  author={Grana, Costantino and Borghesani, Daniele and Cucchiara, Rita},
  journal={Multimedia Tools and Applications},
  volume={55},
  number={3},
  pages={483--506},
  year={2011},
  publisher={Springer}
}
@inproceedings{chen2017convolutional,
  title={Convolutional neural networks for page segmentation of historical document images},
  author={Chen, Kai and Seuret, Mathias and Hennebert, Jean and Ingold, Rolf},
  booktitle={International Conference on Document Analysis and Recognition (ICDAR)},
  volume={1},
  pages={965--970},
  year={2017},
  organization={IEEE}
}
@article{wang2012handwritten,
  title={Handwritten Chinese text recognition by integrating multiple contexts},
  author={Wang, Qiu-Feng and Yin, Fei and Liu, Cheng-Lin},
  journal={IEEE Transactions on Pattern Analysis and Machine Intelligence},
  volume={34},
  number={8},
  pages={1469--1481},
  year={2012},
  publisher={IEEE}
}
@inproceedings{feng2016learning,
  title={Learning deep neural network using max-margin minimum classification error},
  author={Feng, Ziyong and Sun, Zenghui and Jin, Lianwen},
  booktitle={Acoustics, Speech and Signal Processing (ICASSP), 2016 IEEE International Conference on},
  pages={2677--2681},
  year={2016},
  organization={IEEE}
}
@inproceedings{LiaoSBWL17,
  author    = {Minghui Liao and
               Baoguang Shi and
               Xiang Bai and
               Xinggang Wang and
               Wenyu Liu},
  title     = {TextBoxes: {A} Fast Text Detector with a Single Deep Neural Network},
  booktitle = {AAAI},
  year      = {2017}
}
@article{yin2017scene,
  title={Scene Text Recognition with Sliding Convolutional Character Models},
  author={Yin, Fei and Wu, Yi-Chao and Zhang, Xu-Yao and Liu, Cheng-Lin},
  journal={arXiv preprint arXiv:1709.01727},
  year={2017}
}

@inproceedings{le2015text,
  title={Text and non-text segmentation based on connected component features},
  author={Le, Viet Phuong and Nayef, Nibal and Visani, Muriel and Ogier, Jean-Marc and De Tran, Cao},
  booktitle={International Conference on Document Analysis and Recognition (ICDAR)},
  pages={1096--1100},
  year={2015}
}
@inproceedings{antonacopoulos1994flexible,
  author={Antonacopoulos, A and Ritchings, RT},
  title={Flexible page segmentation using the background},  
  booktitle={International Conference on Pattern Recognition (ICPR)},
  volume= 2,
  pages={339--344},
  year= 1994
}

@article{o1993document,
  title={The document spectrum for page layout analysis},
  author={O'Gorman, Lawrence},
  journal={IEEE Transactions on Pattern Analysis and Machine Intelligence},
  volume= 15,
  number= 11,
  pages={1162--1173},
  year= 1993
}

@article{wong1982document,
  title={Document analysis system},
  author={Wong, Kwan Y. and Casey, Richard G. and Wahl, Friedrich M.},
  journal={IBM journal of research and development},
  volume={26},
  number={6},
  pages={647--656},
  year={1982},
}

@Misc{Wikipedia.org,
howpublished = {\url{https://en.wikipedia.org/wiki/Eye_movement_in_reading}},
note = {Accessed November 1, 2017},
title = {Eye movement in reading},
author = {Wikipedia}
}

@Misc{dazangjing,
howpublished = {\url{http://kb.sutra.re.kr/ritk/index.do}},
title = {Tripitaka Koreana in Han},
author = {dazangjing},
year={2017}
}
@article{knuth1977fast,
  title={Fast pattern matching in strings},
  author={Knuth, Donald E and Morris, Jr, James H and Pratt, Vaughan R},
  journal={SIAM journal on computing},
  volume={6},
  number={2},
  pages={323--350},
  year={1977},
}
@inproceedings{dai2016r,
  title={R-fcn: Object detection via region-based fully convolutional networks},
  author={Dai, Jifeng and Li, Yi and He, Kaiming and Sun, Jian},
  booktitle={Advances in Neural Information Processing Systems},
  pages={379--387},
  year={2016}
}

@InProceedings{Redmon_2017_CVPR,
author = {Redmon, Joseph and Farhadi, Ali},
title = {YOLO9000: Better, Faster, Stronger},
booktitle = {Proceedings of the IEEE Conference on Computer Vision and Pattern Recognition (CVPR)},
month = {July},
year = {2017}
}

@article{shi2017end,
  title={An end-to-end trainable neural network for image-based sequence recognition and its application to scene text recognition},
  author={Shi, Baoguang and Bai, Xiang and Yao, Cong},
  journal={IEEE Transactions on Pattern Analysis and Machine Intelligence},
  volume={39},
  number={11},
  pages={2298--2304},
  year={2017}
}

@article{li2006confidence,
  title={Confidence-based active learning},
  author={Li, Mingkun and Sethi, Ishwar K},
  journal={IEEE Transactions on Pattern Analysis and Machine Intelligence},
  volume={28},
  number={8},
  pages={1251--1261},
  year={2006}
}
@inproceedings{he2015recognition,
  title={Recognition confidence analysis of handwritten Chinese character with CNN},
  author={He, Meijun and Zhang, Shuye and Mao, Huiyun and Jin, Lianwen},
  booktitle={International Conference on Document Analysis and Recognition (ICDAR)},
  pages={61--65},
  year={2015},
}
@article{calabretto2006philological,
  title={The philological workstation bambi (better access to manuscripts and browsing of images)},
  author={Calabretto, Sylvie and Bozzi, Andrea},
  journal={Journal of Digital Information},
  volume={1},
  number={3},
  year={2006}
}

@article{bozzi1995computer,
  title={Computer aided preservation and transcription of ancient manuscripts and old printed documents},
  author={Bozzi, Andrea and Sapuppo, Antonio},
  journal={Ercim news},
  volume={19},
  number={27-28},
  pages={3},
  year={1995}
}

@inproceedings{robert1997image,
  title={Image and text coupling for creating electronic books from manuscripts},
  author={Robert, Laurent and Likforman-Sulem, Laurence and Lecolinet, Eric},
  booktitle={International Conference on Document Analysis and Recognition (ICDAR)},
  volume={2},
  pages={823--826},
  year={1997},
  organization={IEEE}
}

@inproceedings{van2011development,
  title={Development of Nom character segmentation for collecting patterns from historical document pages},
  author={Van Phan, Truyen and Zhu, Bilan and Nakagawa, Masaki},
  booktitle={Proceedings of the 2011 Workshop on Historical Document Imaging and Processing},
  pages={133--139},
  year={2011}
}

@inproceedings{zahour2001arabic,
  title={Arabic hand-written text-line extraction},
  author={Zahour, Abderrazak and Taconet, Bruno and Mercy, Pascal and Ramdane, Said},
  booktitle={International Conference on Document Analysis and Recognition (ICDAR)},
  pages={281--285},
  year={2001}
}

@article{shapiro1993handwritten,
  title={Handwritten document image segmentation and analysis},
  author={Shapiro, Vladimir and Gluhchev, Georgi and Sgurev, Vassil},
  journal={Pattern Recognition Letters},
  volume={14},
  number={1},
  pages={71--78},
  year={1993}
}

@article{manmatha1999scale,
  title={Scale space technique for word segmentation in handwritten documents},
  author={Manmatha, Raghavan and Srimal, Nitin},
  journal={Lecture notes in computer science},
  pages={22--33},
  year={1999}
}

@inproceedings{he2003user,
  title={User-assisted archive document image analysis for digital library construction},
  author={He, Jingyu and Downton, Andy C},
  booktitle={International Conference on Document Analysis and Recognition (ICDAR)},
  pages={498--502},
  year={2003}
}

@article{uijlings2013selective,
  title={Selective search for object recognition},
  author={Uijlings, Jasper RR and Van De Sande, Koen EA and Gevers, Theo and Smeulders, Arnold WM},
  journal={International Journal of Computer Vision},
  volume={104},
  number={2},
  pages={154--171},
  year={2013}
}

@article{dollar2014fast,
  title={Fast feature pyramids for object detection},
  author={Doll{\'a}r, Piotr and Appel, Ron and Belongie, Serge and Perona, Pietro},
  journal={IEEE Transactions on Pattern Analysis and Machine Intelligence},
  volume={36},
  number={8},
  pages={1532--1545},
  year={2014}
}

@inproceedings{liu2016ssd,
  title={Ssd: Single shot multibox detector},
  author={Liu, Wei and Anguelov, Dragomir and Erhan, Dumitru and Szegedy, Christian and Reed, Scott and Fu, Cheng-Yang and Berg, Alexander C},
  booktitle={European Conference on Computer Vision (ECCV)},
  pages={21--37},
  year={2016}
}

@inproceedings{ren2015faster,
  title={Faster R-CNN: Towards real-time object detection with region proposal networks},
  author={Ren, Shaoqing and He, Kaiming and Girshick, Ross and Sun, Jian},
  booktitle={Advances in Neural Information Processing Systems},
  pages={91--99},
  year={2015}
}

@inproceedings{redmon2016you,
  title={You only look once: Unified, real-time object detection},
  author={Redmon, Joseph and Divvala, Santosh and Girshick, Ross and Farhadi, Ali},
  booktitle={Proceedings of the IEEE Conference on Computer Vision and Pattern Recognition (CVPR)},
  pages={779--788},
  year={2016}
}

@InProceedings{Li_2017_CVPR,
  author = {Li, Yi and Qi, Haozhi and Dai, Jifeng and Ji, Xiangyang and Wei, Yichen},
  title = {Fully Convolutional Instance-Aware Semantic Segmentation},
  booktitle = {Proceedings of the IEEE Conference on Computer Vision and Pattern Recognition (CVPR)},
  month = {July},
  year = {2017}
}

@inproceedings{dai2016instance,
  title={Instance-aware semantic segmentation via multi-task network cascades},
  author={Dai, Jifeng and He, Kaiming and Sun, Jian},
  booktitle={Proceedings of the IEEE Conference on Computer Vision and Pattern Recognition (CVPR)},
  pages={3150--3158},
  year={2016}
}

@inproceedings{marti2001influence,
  title={On the influence of vocabulary size and language models in unconstrained handwritten text recognition},
  author={Marti, U-V and Bunke, Horst},
  booktitle={International Conference on Document Analysis and Recognition (ICDAR)},
  pages={260--265},
  year={2001}
}

@inproceedings{kesiman2016new,
  title={A New Scheme for Text Line and Character Segmentation from Gray Scale Images of Palm Leaf Manuscript},
  author={Kesiman, Made Windu Antara and Burie, Jean-Christophe and Ogier, Jean-Marc},
  booktitle={International Conference on Frontiers in Handwriting Recognition (ICFHR)},
  pages={325--330},
  year={2016}
}

@article{likforman1994extracting,
  title={Extracting text lines in handwritten documents by perceptual grouping},
  author={Likforman-Sulem, Laurence and Faure, Claudie},
  journal={Advances in handwriting and drawing: a multidisciplinary approach},
  pages={117--135},
  year={1994}
}

@article{likforman1995methode,
  title={Une methode de resolution des conflits d’alignements pour la segmentation des documents manuscrits},
  author={Likforman-Sulem, Laurence and Faure, Claudie},
  journal={Traitement du signal},
  volume={12},
  number={6},
  pages={541--549},
  year={1995}
}

@article{van2016nom,
  title={A Nom historical document recognition system for digital archiving},
  author={Van Phan, Truyen and Nguyen, Kha Cong and Nakagawa, Masaki},
  journal={IJDAR},
  volume={19},
  number={1},
  pages={49--64},
  year={2016}
}

@article{rabiner1989tutorial,
  title={A tutorial on hidden Markov models and selected applications in speech recognition},
  author={Rabiner, Lawrence R},
  journal={Proceedings of the IEEE},
  volume={77},
  number={2},
  pages={257--286},
  year={1989}
}

@article{tseng1999recognition,
  title={Recognition-based handwritten Chinese character segmentation using a probabilistic Viterbi algorithm},
  author={Tseng, Yi-Hong and Lee, Hsi-Jian},
  journal={Pattern Recognition Letters},
  volume={20},
  number={8},
  pages={791--806},
  year={1999}
}

@inproceedings{girshick2015fast,
  title={Fast r-cnn},
  author={Girshick, Ross},
  booktitle={Proceedings of the IEEE Conference on Computer Vision and Pattern Recognition (CVPR)},
  pages={1440--1448},
  year={2015}
}

@inproceedings{girshick2014rich,
  title={Rich feature hierarchies for accurate object detection and semantic segmentation},
  author={Girshick, Ross and Donahue, Jeff and Darrell, Trevor and Malik, Jitendra},
  booktitle={Proceedings of the IEEE Conference on Computer Vision and Pattern Recognition (CVPR)},
  pages={580--587},
  year={2014}
}

@inproceedings{he2017mask,
  title={Mask r-cnn},
  author={He, Kaiming and Gkioxari, Georgia and Doll{\'a}r, Piotr and Girshick, Ross},
  booktitle={International Conference on Computer Vision (ICCV)},
  pages={2980--2988},
  year={2017},
  organization={IEEE}
}

@inproceedings{long2015fully,
  title={Fully convolutional networks for semantic segmentation},
  author={Long, Jonathan and Shelhamer, Evan and Darrell, Trevor},
  booktitle={Proceedings of the IEEE Conference on Computer Vision and Pattern Recognition (CVPR)},
  pages={3431--3440},
  year={2015}
}

@article{tseng1998segmenting,
  title={Segmenting handwritten Chinese characters based on heuristic merging of stroke bounding boxes and dynamic programming},
  author={Tseng, Lin Yu and Chen, Rung Ching},
  journal={Pattern Recognition Letters},
  volume={19},
  number={10},
  pages={963--973},
  year={1998}
}

@article{suzuki1985topological,
  title={Topological structural analysis of digitized binary images by border following},
  author={Suzuki, Satoshi and others},
  journal={Computer vision, Graphics, and Image Processing},
  volume={30},
  number={1},
  pages={32--46},
  year={1985}
}

@article{zhang2017towards,
  title={Towards end-to-end speech recognition with deep convolutional neural networks},
  author={Zhang, Ying and Pezeshki, Mohammad and Brakel, Phil{\'e}mon and Zhang, Saizheng and Bengio, Cesar Laurent Yoshua and Courville, Aaron},
  journal={arXiv preprint arXiv:1701.02720},
  year={2017}
}

@InProceedings{Shrivastava_2017_CVPR,
  author = {Shrivastava, Ashish and Pfister, Tomas and Tuzel, Oncel and Susskind, Joshua and Wang, Wenda and Webb, Russell},
  title = {Learning From Simulated and Unsupervised Images Through Adversarial Training},
  booktitle = {Proceedings of the IEEE Conference on Computer Vision and Pattern Recognition (CVPR)},
  month = {July},
  year = {2017}
}

huawei context gate
@Article{Tu:2017:TACL,
      author    = {Tu, Zhaopeng and Liu, Yang and Lu, Zhengdong and Liu, Xiaohua and Li, Hang},
      title     = {Context Gates for Neural Machine Translation},
      booktitle = {Transactions of the Association for Computational Linguistics},
      year      = {2017},
}

proposed n-gram 
@inproceedings{kneser1995improved,
  title={Improved backing-off for m-gram language modeling},
  author={Kneser, Reinhard and Ney, Hermann},
  booktitle={icassp},
  volume={1},
  pages={181e4},
  year={1995}
}

@article{gatt2018survey,
  title={Survey of the State of the Art in Natural Language Generation: Core tasks, applications and evaluation},
  author={Gatt, Albert and Krahmer, Emiel},
  journal={Journal of Artificial Intelligence Research},
  volume={61},
  pages={65--170},
  year={2018}
}
target side attention
@article{shao2016generating,
  title={Generating long and diverse responses with neural conversation models},
  author={Shao, Louis and Gouws, Stephan and Britz, Denny and Goldie, Anna and Strope, Brian and Kurzweil, Ray},
  year={2016}
}
proposed attention
@article{bahdanau2014neural,
  title={Neural machine translation by jointly learning to align and translate},
  author={Bahdanau, Dzmitry and Cho, Kyunghyun and Bengio, Yoshua},
  journal={arXiv preprint arXiv:1409.0473},
  year={2014}
}
local attention

@article{kalchbrenner2013recurrent,
  title={Recurrent convolutional neural networks for discourse compositionality},
  author={Kalchbrenner, Nal and Blunsom, Phil},
  journal={arXiv preprint arXiv:1306.3584},
  year={2013}
}

ICLR2017 goldberg
@article{aharoni2016sequence,
  title={Sequence to sequence transduction with hard monotonic attention},
  author={Aharoni, Roee and Goldberg, Yoav},
  year={2016}
}

word embedding
@inproceedings{mikolov2010recurrent,
  title={Recurrent neural network based language model},
  author={Mikolov, Tom{\'a}{\v{s}} and Karafi{\'a}t, Martin and Burget, Luk{\'a}{\v{s}} and {\v{C}}ernock{\`y}, Jan and Khudanpur, Sanjeev},
  booktitle={Eleventh Annual Conference of the International Speech Communication Association},
  year={2010}
}
word embedding
@inproceedings{mikolov2013distributed,
  title={Distributed representations of words and phrases and their compositionality},
  author={Mikolov, Tomas and Sutskever, Ilya and Chen, Kai and Corrado, Greg S and Dean, Jeff},
  booktitle={Advances in neural information processing systems},
  pages={3111--3119},
  year={2013}
}
word embedding
@inproceedings{socher2013recursive,
  title={Recursive deep models for semantic compositionality over a sentiment treebank},
  author={Socher, Richard and Perelygin, Alex and Wu, Jean and Chuang, Jason and Manning, Christopher D and Ng, Andrew and Potts, Christopher},
  booktitle={Proceedings of the 2013 conference on empirical methods in natural language processing},
  pages={1631--1642},
  year={2013}
}

dl used in NLP first
The work by Goldberg only presented the basic principles for applying neural networks
to NLP in a tutorial manner
@article{goldberg2016primer,
  title={A primer on neural network models for natural language processing},
  author={Goldberg, Yoav},
  journal={Journal of Artificial Intelligence Research},
  volume={57},
  pages={345--420},
  year={2016}
}

BLEU
@inproceedings{papineni2002bleu,
  title={BLEU: a method for automatic evaluation of machine translation},
  author={Papineni, Kishore and Roukos, Salim and Ward, Todd and Zhu, Wei-Jing},
  booktitle={Proceedings of the 40th annual meeting on association for computational linguistics},
  pages={311--318},
  year={2002},
  organization={Association for Computational Linguistics}
}

SUmarization first
@article{rush2015neural,
  title={A neural attention model for abstractive sentence summarization},
  author={Rush, Alexander M and Chopra, Sumit and Weston, Jason},
  journal={arXiv preprint arXiv:1509.00685},
  year={2015}
}
sumarization
@article{paulus2017deep,
  title={A deep reinforced model for abstractive summarization},
  author={Paulus, Romain and Xiong, Caiming and Socher, Richard},
  journal={arXiv preprint arXiv:1705.04304},
  year={2017}
}


dialogue
 include generation-based models and retrieval-based models.
@inproceedings{serban2016building,
  title={Building End-To-End Dialogue Systems Using Generative Hierarchical Neural Network Models.},
  author={Serban, Iulian Vlad and Sordoni, Alessandro and Bengio, Yoshua and Courville, Aaron C and Pineau, Joelle},
  booktitle={AAAI},
  volume={16},
  pages={3776--3784},
  year={2016}
}
@article{lowe2015ubuntu,
  title={The ubuntu dialogue corpus: A large dataset for research in unstructured multi-turn dialogue systems},
  author={Lowe, Ryan and Pow, Nissan and Serban, Iulian and Pineau, Joelle},
  journal={arXiv preprint arXiv:1506.08909},
  year={2015}
}
 Empirically, dialogue systems trained with word-level maximum likelihood also tend to produce dull
and short-sighted responses,while text summarization tends to produce incoherent or repetitive summaries
@article{li2016deep,
  title={Deep reinforcement learning for dialogue generation},
  author={Li, Jiwei and Monroe, Will and Ritter, Alan and Galley, Michel and Gao, Jianfeng and Jurafsky, Dan},
  journal={arXiv preprint arXiv:1606.01541},
  year={2016}
}

@inproceedings{werlen2018self,
  title={Self-Attentive Residual Decoder for Neural Machine Translation},
  author={Werlen, Lesly Miculicich and Pappas, Nikolaos and Ram, Dhananjay and Popescu-Belis, Andrei},
  booktitle={Proceedings of the 2018 Conference of the North American Chapter of the Association for Computational Linguistics: Human Language Technologies, Volume 1 (Long Papers)},
  volume={1},
  pages={1366--1379},
  year={2018}
}

target side attention
@inproceedings{xia2017sequence,
  title={Sequence generation with target attention},
  author={Xia, Yingce and Tian, Fei and Qin, Tao and Yu, Nenghai and Liu, Tie-Yan},
  booktitle={Joint European Conference on Machine Learning and Knowledge Discovery in Databases},
  pages={816--831},
  year={2017},
  organization={Springer}
}


@article{lin2004rouge,
  title={Rouge: A package for automatic evaluation of summaries},
  author={Lin, Chin-Yew},
  journal={Text Summarization Branches Out},
  year={2004}
}



@article{malaviya2018sparse,
  title={Sparse and Constrained Attention for Neural Machine Translation},
  author={Malaviya, Chaitanya and Ferreira, Pedro and Martins, Andr{\'e} FT},
  journal={arXiv preprint arXiv:1805.08241},
  year={2018}
}

Luong attention
@article{luong2015effective,
  title={Effective approaches to attention-based neural machine translation},
  author={Luong, Minh-Thang and Pham, Hieu and Manning, Christopher D},
  journal={arXiv preprint arXiv:1508.04025},
  year={2015}
}

@inproceedings{nichols2012summarizing,
  title={Summarizing sporting events using twitter},
  author={Nichols, Jeffrey and Mahmud, Jalal and Drews, Clemens},
  booktitle={Proceedings of the 2012 ACM international conference on Intelligent User Interfaces},
  pages={189--198},
  year={2012},
  organization={ACM}
}

@article{tjondronegoro2004highlights,
  title={Highlights for more complete sports video summarization},
  author={Tjondronegoro, Dian and Chen, Yi-Ping Phoebe and Pham, Binh},
  journal={IEEE multimedia},
  volume={11},
  number={4},
  pages={22--37},
  year={2004},
  publisher={IEEE}
}

@inproceedings{bouayad2011content,
  title={Content selection from an ontology-based knowledge base for the generation of football summaries},
  author={Bouayad-Agha, Nadjet and Casamayor, Gerard and Wanner, Leo},
  booktitle={Proceedings of the 13th European Workshop on Natural Language Generation},
  pages={72--81},
  year={2011},
  organization={Association for Computational Linguistics}
}

@article{bouayad2012perspective,
  title={Perspective-oriented generation of football match summaries: Old tasks, new challenges},
  author={Bouayad-Agha, Nadjet and Casamayor, Gerard and Mille, Simon and Wanner, Leo},
  journal={ACM Transactions on Speech and Language Processing (TSLP)},
  volume={9},
  number={2},
  pages={3},
  year={2012},
  publisher={ACM}
}

@inproceedings{zhang2016towards,
  title={Towards constructing sports news from live text commentary},
  author={Zhang, Jianmin and Yao, Jin-ge and Wan, Xiaojun},
  booktitle={Proceedings of the 54th Annual Meeting of the Association for Computational Linguistics (Volume 1: Long Papers)},
  volume={1},
  pages={1361--1371},
  year={2016}
}

@inproceedings{manurung1999chart,
  title={A chart generator for rhythm patterned text},
  author={Manurung, Hisar Maruli},
  booktitle={Proceedings of the First International Workshop on Literature in Cognition and Computer},
  pages={15--19},
  year={1999}
}

@article{oliveira2009automatic,
  title={Automatic generation of poetry: an overview},
  author={Oliveira, Hugo},
  journal={Universidade de Coimbra},
  year={2009}
}

@article{oliveira2012poetryme,
  title={PoeTryMe: a versatile platform for poetry generation},
  author={Oliveira, Hugo Gon{\c{c}}alo},
  journal={Computational Creativity, Concept Invention, and General Intelligence},
  volume={1},
  pages={21},
  year={2012}
}

@inproceedings{yan2013poet,
  title={i, Poet: Automatic Chinese Poetry Composition through a Generative Summarization Framework under Constrained Optimization.},
  author={Yan, Rui and Jiang, Han and Lapata, Mirella and Lin, Shou-De and Lv, Xueqiang and Li, Xiaoming},
  booktitle={IJCAI},
  pages={2197--2203},
  year={2013}
}

@inproceedings{ghazvininejad2016generating,
  title={Generating topical poetry},
  author={Ghazvininejad, Marjan and Shi, Xing and Choi, Yejin and Knight, Kevin},
  booktitle={Proceedings of the 2016 Conference on Empirical Methods in Natural Language Processing},
  pages={1183--1191},
  year={2016}
}

@article{ghazvininejad2017hafez,
  title={Hafez: an interactive poetry generation system},
  author={Ghazvininejad, Marjan and Shi, Xing and Priyadarshi, Jay and Knight, Kevin},
  journal={Proceedings of ACL 2017, System Demonstrations},
  pages={43--48},
  year={2017}
}

@inproceedings{hopkins2017automatically,
  title={Automatically generating rhythmic verse with neural networks},
  author={Hopkins, Jack and Kiela, Douwe},
  booktitle={Proceedings of the 55th Annual Meeting of the Association for Computational Linguistics (Volume 1: Long Papers)},
  volume={1},
  pages={168--178},
  year={2017}
}

@incollection{yi2017generating,
  title={Generating chinese classical poems with rnn encoder-decoder},
  author={Yi, Xiaoyuan and Li, Ruoyu and Sun, Maosong},
  booktitle={Chinese Computational Linguistics and Natural Language Processing Based on Naturally Annotated Big Data},
  pages={211--223},
  year={2017},
  publisher={Springer}
}

@inproceedings{zhang2014chinese,
  title={Chinese poetry generation with recurrent neural networks},
  author={Zhang, Xingxing and Lapata, Mirella},
  booktitle={Proceedings of the 2014 Conference on Empirical Methods in Natural Language Processing (EMNLP)},
  pages={670--680},
  year={2014}
}

@article{williams2016end,
  title={End-to-end lstm-based dialog control optimized with supervised and reinforcement learning},
  author={Williams, Jason D and Zweig, Geoffrey},
  journal={arXiv preprint arXiv:1606.01269},
  year={2016}
}

@article{mrkvsic2015multi,
  title={Multi-domain dialog state tracking using recurrent neural networks},
  author={Mrk{\v{s}}i{\'c}, Nikola and S{\'e}aghdha, Diarmuid O and Thomson, Blaise and Ga{\v{s}}i{\'c}, Milica and Su, Pei-Hao and Vandyke, David and Wen, Tsung-Hsien and Young, Steve},
  journal={arXiv preprint arXiv:1506.07190},
  year={2015}
}

@inproceedings{henderson2015machine,
  title={Machine learning for dialog state tracking: A review},
  author={Henderson, Matthew},
  booktitle={Proc. of The First International Workshop on Machine Learning in Spoken Language Processing},
  year={2015}
}

@inproceedings{wang2013simple,
  title={A simple and generic belief tracking mechanism for the dialog state tracking challenge: On the believability of observed information},
  author={Wang, Zhuoran and Lemon, Oliver},
  booktitle={Proceedings of the SIGDIAL 2013 Conference},
  pages={423--432},
  year={2013}
}

@inproceedings{isbell2000cobot,
  title={Cobot in LambdaMOO: A social statistics agent},
  author={Isbell, Charles Lee and Kearns, Michael and Kormann, Dave and Singh, Satinder and Stone, Peter},
  booktitle={AAAI/IAAI},
  pages={36--41},
  year={2000}
}

@article{ji2014information,
  title={An information retrieval approach to short text conversation},
  author={Ji, Zongcheng and Lu, Zhengdong and Li, Hang},
  journal={arXiv preprint arXiv:1408.6988},
  year={2014}
}

@inproceedings{yan2016docchat,
  title={Docchat: An information retrieval approach for chatbot engines using unstructured documents},
  author={Yan, Zhao and Duan, Nan and Bao, Junwei and Chen, Peng and Zhou, Ming and Li, Zhoujun and Zhou, Jianshe},
  booktitle={Proceedings of the 54th Annual Meeting of the Association for Computational Linguistics (Volume 1: Long Papers)},
  volume={1},
  pages={516--525},
  year={2016}
}

@article{erkan2004lexrank,
  title={Lexrank: Graph-based lexical centrality as salience in text summarization},
  author={Erkan, G{\"u}nes and Radev, Dragomir R},
  journal={Journal of artificial intelligence research},
  volume={22},
  pages={457--479},
  year={2004}
}

@inproceedings{wan2007manifold,
  title={Manifold-Ranking Based Topic-Focused Multi-Document Summarization.},
  author={Wan, Xiaojun and Yang, Jianwu and Xiao, Jianguo},
  booktitle={IJCAI},
  volume={7},
  pages={2903--2908},
  year={2007}
}

@inproceedings{gillick2008icsi,
  title={The ICSI Summarization System at TAC 2008.},
  author={Gillick, Daniel and Favre, Benoit and Hakkani-T{\"u}r, Dilek},
  booktitle={TAC},
  year={2008}
}

@inproceedings{lin2010multi,
  title={Multi-document summarization via budgeted maximization of submodular functions},
  author={Lin, Hui and Bilmes, Jeff},
  booktitle={Human Language Technologies: The 2010 Annual Conference of the North American Chapter of the Association for Computational Linguistics},
  pages={912--920},
  year={2010},
  organization={Association for Computational Linguistics}
}

@inproceedings{metzler2008machine,
  title={Machine learned sentence selection strategies for query-biased summarization},
  author={Metzler, Donald and Kanungo, Tapas},
  booktitle={Sigir learning to rank workshop},
  pages={40--47},
  year={2008}
}

@inproceedings{shen2011learning,
  title={Learning to rank for query-focused multi-document summarization},
  author={Shen, Chao and Li, Tao},
  booktitle={Data Mining (ICDM), 2011 IEEE 11th International Conference on},
  pages={626--634},
  year={2011},
  organization={IEEE}
}

@article{wang2016sentence,
  title={A sentence compression based framework to query-focused multi-document summarization},
  author={Wang, Lu and Raghavan, Hema and Castelli, Vittorio and Florian, Radu and Cardie, Claire},
  journal={arXiv preprint arXiv:1606.07548},
  year={2016}
}

@inproceedings{ouyang2007developing,
  title={Developing learning strategies for topic-based summarization},
  author={Ouyang, You and Li, Sujian and Li, Wenjie},
  booktitle={Proceedings of the sixteenth ACM conference on Conference on information and knowledge management},
  pages={79--86},
  year={2007},
  organization={ACM}
}

@inproceedings{galanis2008aueb,
  title={AUEB at TAC 2008.},
  author={Galanis, Dimitrios and Malakasiotis, Prodromos},
  booktitle={TAC},
  year={2008},
  organization={Citeseer}
}
@inproceedings{sutskever2014sequence,
  title={Sequence to sequence learning with neural networks},
  author={Sutskever, Ilya and Vinyals, Oriol and Le, Quoc V},
  booktitle={Advances in neural information processing systems},
  pages={3104--3112},
  year={2014}
}


@article{gehring2016convolutional,
  title={A convolutional encoder model for neural machine translation},
  author={Gehring, Jonas and Auli, Michael and Grangier, David and Dauphin, Yann N},
  journal={arXiv preprint arXiv:1611.02344},
  year={2016}
}

@inproceedings{vaswani2017attention,
  title={Attention is all you need},
  author={Vaswani, Ashish and Shazeer, Noam and Parmar, Niki and Uszkoreit, Jakob and Jones, Llion and Gomez, Aidan N and Kaiser, {\L}ukasz and Polosukhin, Illia},
  booktitle={Advances in Neural Information Processing Systems},
  pages={5998--6008},
  year={2017}
}

@article{jozefowicz2016exploring,
  title={Exploring the limits of language modeling},
  author={Jozefowicz, Rafal and Vinyals, Oriol and Schuster, Mike and Shazeer, Noam and Wu, Yonghui},
  journal={arXiv preprint arXiv:1602.02410},
  year={2016}
}

@article{wu2016google,
  title={Google's neural machine translation system: Bridging the gap between human and machine translation},
  author={Wu, Yonghui and Schuster, Mike and Chen, Zhifeng and Le, Quoc V and Norouzi, Mohammad and Macherey, Wolfgang and Krikun, Maxim and Cao, Yuan and Gao, Qin and Macherey, Klaus and others},
  journal={arXiv preprint arXiv:1609.08144},
  year={2016}
}

@article{gehring2017convolutional,
  title={Convolutional sequence to sequence learning},
  author={Gehring, Jonas and Auli, Michael and Grangier, David and Yarats, Denis and Dauphin, Yann N},
  journal={arXiv preprint arXiv:1705.03122},
  year={2017}
}

@inproceedings{cettoloEtAl:EAMT2012,
        Address = {Trento, Italy},
        Author = {Mauro Cettolo and Christian Girardi and Marcello Federico},
        Booktitle = {Proceedings of the 16$^{th}$ Conference of the European Association for Machine Translation (EAMT)},
        Date = {28-30},
        Month = {May},
        Pages = {261--268},
        Title = {WIT$^3$: Web Inventory of Transcribed and Translated Talks},
        Year = {2012}}

@Misc{timmurphy.org,
howpublished = {\url{http://timmurphy.org/2009/07/22/line-spacing-in-latex-documents/}},
note = {Accessed April 4, 2010},
title = {Line Spacing in LaTeX documents},
author = {Murphy, Timothy I}
}