@article{eom2013highlighting,
  title={Highlighting entanglement of cultures via ranking of multilingual Wikipedia articles},
  author={Eom, Young-Ho and Shepelyansky, Dima L},
  journal={PloS one},
  volume={8},
  number={10},
  pages={e74554},
  year={2013},
  publisher={Public Library of Science}
}

@inproceedings{filatova2009directions,
  title={Directions for exploiting asymmetries in multilingual Wikipedia},
  author={Filatova, Elena},
  booktitle={Proceedings of the Third International Workshop on Cross Lingual Information Access: Addressing the Information Need of Multilingual Societies},
  pages={30--37},
  year={2009},
  organization={Association for Computational Linguistics}
}

@article{yu2009bilingual,
  title={Bilingual dictionary extraction from Wikipedia},
  author={Yu, Kun and Tsujii, Junichi},
  journal={Proceedings of Machine Translation Summit XII},
  pages={379--386},
  year={2009}
}

@article{navigli2012babelnet,
  title={BabelNet: The automatic construction, evaluation and application of a wide-coverage multilingual semantic network},
  author={Navigli, Roberto and Ponzetto, Simone Paolo},
  journal={Artificial Intelligence},
  volume={193},
  pages={217--250},
  year={2012},
  publisher={Elsevier}
}

@book{jarvis2008crosslinguistic,
  title={Crosslinguistic influence in language and cognition},
  author={Jarvis, Scott and Pavlenko, Aneta},
  year={2008},
  publisher={Routledge}
}

@article{pethHo2005differences,
  title={Differences of language from a cross-cultural perspective},
  author={Peth{\H{o}}, Eszter},
  journal={European Integration Studies},
  number={4},
  pages={73--96},
  year={2005}
}

@inproceedings{otero2010wikipedia,
  title={Wikipedia as multilingual source of comparable corpora},
  author={Otero, Pablo Gamallo and L{\'o}pez, Isaac Gonz{\'a}lez},
  booktitle={Proceedings of the 3rd Workshop on Building and Using Comparable Corpora, LREC},
  pages={21--25},
  year={2010}
}

@inproceedings{tanaka2002measuring,
  title={Measuring the similarity between compound nouns in different languages using non-parallel corpora},
  author={Tanaka, Takaaki},
  booktitle={Proceedings of the 19th international conference on Computational linguistics-Volume 1},
  pages={1--7},
  year={2002},
  organization={Association for Computational Linguistics}
}

@article{nemoto2011analyzing,
  title={Analyzing cultural differences in collaborative innovation networks by analyzing editing behavior in different-language Wikipedias},
  author={Nemoto, Keiichi and Gloor, Peter A},
  journal={Procedia-Social and Behavioral Sciences},
  volume={26},
  pages={180--190},
  year={2011},
  publisher={Elsevier}
}

@article{yasseri2014most,
  title={The most controversial topics in Wikipedia: A multilingual and geographical analysis},
  author={Yasseri, Taha and Spoerri, Anselm and Graham, Mark and Kert{\'e}sz, J{\'a}nos},
  year={2014},
  publisher={Global Wikipedia: International and Cross-Cultural Issues in Online Collaboration, Fichman P., Hara N., eds., Scarecrow Press}
}

@misc{NLPIR,
   author = "{Huaping Zhang}",
   title = "{NLPIR} Chinese Segmentor System",
   year = "2016",
   url = "http://ictclas.nlpir.org/"
 }

@article{linard2015bilingual,
  title={Bilingual Lexicon Extraction},
  author={Linard, Alexis},
  year={2015}
}

@inproceedings{mahdisoltani2014yago3,
  title={Yago3: A knowledge base from multilingual wikipedias},
  author={Mahdisoltani, Farzaneh and Biega, Joanna and Suchanek, Fabian},
  booktitle={7th Biennial Conference on Innovative Data Systems Research},
  year={2014},
}

@article{krifka199511,
  title={11 COMMON NOUNS: A CONTRASTIVE ANALYSIS OF CHINESE AND ENGLISH},
  author={Krifka, Manfred},
  journal={The generic book},
  pages={398},
  year={1995},
  publisher={University of Chicago Press}
}

@article{tavassoli1999temporal,
  title={Temporal and associative memory in Chinese and English},
  author={Tavassoli, Nader T},
  journal={Journal of Consumer Research},
  volume={26},
  number={2},
  pages={170--181},
  year={1999},
  publisher={JSTOR}
}

@article{chen2007chinese,
  title={Do Chinese and English speakers think about time differently? Failure of replicating Boroditsky (2001)},
  author={Chen, Jenn-Yeu},
  journal={Cognition},
  volume={104},
  number={2},
  pages={427--436},
  year={2007},
  publisher={Elsevier}
}

@inproceedings{Mikolov2013distributed,
  title={Distributed representations of words and phrases and their compositionality},
  author={Mikolov, Tomas and Sutskever, Ilya and Chen, Kai and Corrado, Greg S and Dean, Jeff},
  booktitle={Advances in neural information processing systems},
  pages={3111--3119},
  year={2013}
}

@article{Mikolov:2013tp,
author = {Mikolov, Tomas and Le, Quoc V and Sutskever, Ilya},
title = {{Exploiting Similarities among Languages for Machine Translation}},
journal = {arXiv.org},
year = {2013},
eprint = {1309.4168v1},
eprinttype = {arxiv},
eprintclass = {cs.CL},
month = sep
}

@article{Vulic:2015to,
author = {Vulic, Ivan and Moens, Marie-Francine},
title = {{Bilingual word embeddings from non-parallel document-aligned data applied to bilingual lexicon induction}},
year = {2015},
pages = {719--725},
month = jul
}

@article{Navigli:2012dn,
author = {Navigli, Roberto and Ponzetto, Simone Paolo},
title = {{BabelNet: The automatic construction, evaluation and application of a wide-coverage multilingual semantic network.}},
journal = {Artif. Intell.},
year = {2012},
volume = {193},
pages = {217--250}
}

@article{hermann2014multilingual,
  title={Multilingual models for compositional distributed semantics},
  author={Hermann, Karl Moritz and Blunsom, Phil},
  journal={arXiv preprint arXiv:1404.4641},
  year={2014}
}

@article{Klementiev:2012uk,
author = {Klementiev, A and Titov, I and Bhattarai, B},
title = {{Inducing crosslingual distributed representations of words}},
year = {2012}
}

@article{lebret2013word,
  title={Word emdeddings through hellinger PCA},
  author={Lebret, R{\'e}mi and Collobert, Ronan},
  journal={arXiv preprint arXiv:1312.5542},
  year={2013}
}

@inproceedings{levy2014neural,
  title={Neural word embedding as implicit matrix factorization},
  author={Levy, Omer and Goldberg, Yoav},
  booktitle={Advances in Neural Information Processing Systems},
  pages={2177--2185},
  year={2014}
}

@inproceedings{li2015word,
  title={Word embedding revisited: A new representation learning and explicit matrix factorization perspective},
  author={Li, Yitan and Xu, Linli and Tian, Fei and Jiang, Liang and Zhong, Xiaowei and Chen, Enhong},
  booktitle={Proceedings of the 24th International Joint Conference on Artificial Intelligence},
  pages={3650--3656},
  year={2015}
}

@article{kovecses2006language,
  title={Language, mind, and culture},
  author={Kovecses, Zoltan},
  year={2006}
}

@book{jackson2007words,
  title={Words, meaning and vocabulary: an introduction to modern English lexicology},
  author={Jackson, Howard and Amvela, Etienne Z{\'e}},
  year={2007},
  publisher={Bloomsbury Publishing}
}

@book{wierzbicka2006english,
  title={English: Meaning and culture},
  author={Wierzbicka, Anna},
  year={2006},
  publisher={Oxford University Press}
}

@book{lipka1990outline,
  title={An outline of English lexicology: lexical structure, word semantics, and word-formation},
  author={Lipka, Leonhard},
  volume={3},
  year={1990},
  publisher={Walter de Gruyter}
}

@misc{names,
author={Mark Kantrowitz and Bill Ross},
year = {1994},
title = {Names Corpus, Version 1.3},
howpublished = "\url{http://www.nltk.org/nltk_data/}"
}

@misc{wiktionary,
author={Wiktionary},
year = {2016},
title = {Wiktionary},
howpublished = "\url{http://www.wiktionary.org}"
}

@misc{oxford,
author={Oxford},
year = {2016},
title = {Oxford Dictionaries Onlin},
howpublished = "\url{http://www.oxforddictionaries.com/}"
}

@article{triandis1994culture,
  title={Culture and social behavior},
  author={Triandis, Harry Charalambos},
  year={1994},
  publisher={McGraw-Hill New York}
}

@article{weber1998cross,
  title={Cross-cultural differences in risk perception, but cross-cultural similarities in attitudes towards perceived risk},
  author={Weber, Elke U and Hsee, Christopher},
  journal={Management science},
  volume={44},
  number={9},
  pages={1205--1217},
  year={1998},
  publisher={INFORMS}
}

@article{gruetze2016coheel,
  title={CohEEL: Coherent and efficient named entity linking through random walks},
  author={Gruetze, Toni and Kasneci, Gjergji and Zuo, Zhe and Naumann, Felix},
  journal={Web Semantics: Science, Services and Agents on the World Wide Web},
  volume={37},
  pages={75--89},
  year={2016},
  publisher={Elsevier}
}

@article{lin2016leveraging,
  title={Leveraging Entity Linking and Related Language Projection to Improve Name Transliteration},
  author={Lin, Ying and Pan, Xiaoman and Deri, Aliya and Ji, Heng and Knight, Kevin},
  journal={ACL 2016},
  pages={1},
  year={2016}
}

@inproceedings{ganea2016probabilistic,
  title={Probabilistic Bag-Of-Hyperlinks Model for Entity Linking},
  author={Ganea, Octavian-Eugen and Ganea, Marina and Lucchi, Aurelien and Eickhoff, Carsten and Hofmann, Thomas},
  booktitle={Proceedings of the 25th International Conference on World Wide Web},
  pages={927--938},
  year={2016},
  organization={International World Wide Web Conferences Steering Committee}
}

@inproceedings{schutze2008introduction,
  title={Introduction to Information Retrieval},
  author={Sch{\"u}tze, Hinrich},
  booktitle={Proceedings of the international communication of association for computing machinery conference},
  year={2008}
}