% NER
% neural model
@Article{chiu16named,
	author = 	"Chiu, Jason
	and Nichols, Eric",
	title = 	"Named Entity Recognition with Bidirectional LSTM-CNNs",
	journal = 	"Transactions of the Association for Computational Linguistics",
	year = 	"2016",
	volume = 	"4",
	pages = 	"357--370",
	url = 	"http://aclweb.org/anthology/Q16-1026"
}
@InProceedings{ma16end,
	author = 	"Ma, Xuezhe
	and Hovy, Eduard",
	title = 	"End-to-end Sequence Labeling via Bi-directional LSTM-CNNs-CRF",
	booktitle = 	"Proceedings of the 54th Annual Meeting of the Association for      Computational Linguistics (Volume 1: Long Papers)    ",
	year = 	"2016",
	publisher = 	"Association for Computational Linguistics",
	pages = 	"1064--1074",
	location = 	"Berlin, Germany",
	doi = 	"10.18653/v1/P16-1101",
	url = 	"http://aclweb.org/anthology/P16-1101"
}
@InProceedings{lample16neural,
	author = 	"Lample, Guillaume
	and Ballesteros, Miguel
	and Subramanian, Sandeep
	and Kawakami, Kazuya
	and Dyer, Chris",
	title = 	"Neural Architectures for Named Entity Recognition",
	booktitle = 	"Proceedings of the 2016 Conference of the North American Chapter of the      Association for Computational Linguistics: Human Language Technologies    ",
	year = 	"2016",
	publisher = 	"Association for Computational Linguistics",
	pages = 	"260--270",
	location = 	"San Diego, California",
	doi = 	"10.18653/v1/N16-1030",
	url = 	"http://aclweb.org/anthology/N16-1030"
}


%% Data Projection
@InProceedings{ni17weakly,
	author = 	"Ni, Jian
	and Dinu, Georgiana
	and Florian, Radu",
	title = 	"Weakly Supervised Cross-Lingual Named Entity Recognition via Effective Annotation and Representation Projection    ",
	booktitle = 	"Proceedings of the 55th Annual Meeting of the Association for Computational Linguistics (Volume 1: Long Papers)    ",
	year = 	"2017",
	publisher = 	"Association for Computational Linguistics",
	pages = 	"1470--1480",
	location = 	"Vancouver, Canada",
	doi = 	"10.18653/v1/P17-1135",
	url = 	"http://www.aclweb.org/anthology/P17-1135"
}
@Article{wang14cross,
	author = 	"Wang, Mengqiu
	and Manning, Christopher D.",
	title = 	"Cross-lingual Projected Expectation Regularization for Weakly Supervised Learning",
	journal = 	"Transactions of the Association for Computational Linguistics",
	year = 	"2014",
	volume = 	"2",
	pages = 	"55--66",
	url = 	"http://aclweb.org/anthology/Q14-1005"
}
@inproceedings{li12joint,
	author = {Li, Qi and Li, Haibo and Ji, Heng and Wang, Wen and Zheng, Jing and Huang, Fei},
	title = {Joint Bilingual Name Tagging for Parallel Corpora},
	booktitle = {Proceedings of the 21st ACM International Conference on Information and Knowledge Management},
	series = {CIKM '12},
	year = {2012},
	isbn = {978-1-4503-1156-4},
	location = {Maui, Hawaii, USA},
	pages = {1727--1731},
	numpages = {5},
	url = {http://doi.acm.org/10.1145/2396761.2398506},
	doi = {10.1145/2396761.2398506},
	acmid = {2398506},
	publisher = {ACM},
	address = {New York, NY, USA},
	keywords = {bilingual, joint crfs, name tagging},
} 
@InProceedings{ehrmann11building,
	author = 	"Ehrmann, Maud
	and Turchi, Marco
	and Steinberger, Ralf",
	title = 	"Building a Multilingual Named Entity-Annotated Corpus Using Annotation Projection",
	booktitle = 	"Proceedings of the International Conference Recent Advances in Natural Language Processing 2011",
	year = 	"2011",
	publisher = 	"Association for Computational Linguistics",
	pages = 	"118--124",
	location = 	"Hissar, Bulgaria",
	url = 	"http://www.aclweb.org/anthology/R11-1017"
}
@InProceedings{kim12multilingual,
	author = 	"Kim, Sungchul
	and Toutanova, Kristina
	and Yu, Hwanjo",
	title = 	"Multilingual Named Entity Recognition using Parallel Data and Metadata from Wikipedia",
	booktitle = 	"Proceedings of the 50th Annual Meeting of the Association for Computational Linguistics (Volume 1: Long Papers)",
	year = 	"2012",
	publisher = 	"Association for Computational Linguistics",
	pages = 	"694--702",
	location = 	"Jeju Island, Korea",
	url = 	"http://www.aclweb.org/anthology/P12-1073"
}

%cheap
@InProceedings{mayhew17cheap,
	author = 	"Mayhew, Stephen
	and Tsai, Chen-Tse
	and Roth, Dan",
	title = 	"Cheap Translation for Cross-Lingual Named Entity Recognition",
	booktitle = 	"Proceedings of the 2017 Conference on Empirical Methods in Natural Language Processing",
	year = 	"2017",
	publisher = 	"Association for Computational Linguistics",
	pages = 	"2536--2545",
	location = 	"Copenhagen, Denmark",
	url = 	"http://aclweb.org/anthology/D17-1269"
}
@article{xie2018neural,
	title={Neural Cross-Lingual Named Entity Recognition with Minimal Resources},
	author={Xie, Jiateng and Yang, Zhilin and Neubig, Graham and Smith, Noah A and Carbonell, Jaime},
	journal={arXiv preprint arXiv:1808.09861},
	year={2018}
}

%% Model Transfer
@InProceedings{McDonald11multi,
	author = 	"McDonald, Ryan
	and Petrov, Slav
	and Hall, Keith",
	title = 	"Multi-Source Transfer of Delexicalized Dependency Parsers",
	booktitle = 	"Proceedings of the 2011 Conference on Empirical Methods in Natural Language Processing",
	year = 	"2011",
	publisher = 	"Association for Computational Linguistics",
	pages = 	"62--72",
	location = 	"Edinburgh, Scotland, UK.",
	url = 	"http://www.aclweb.org/anthology/D11-1006"
}

@InProceedings{tackstrom12cross,
	author = 	"T{\"a}ckstr{\"o}m, Oscar
	and McDonald, Ryan
	and Uszkoreit, Jakob",
	title = 	"Cross-lingual Word Clusters for Direct Transfer of Linguistic Structure",
	booktitle = 	"Proceedings of the 2012 Conference of the North American Chapter of the Association for Computational Linguistics: Human Language Technologies",
	year = 	"2012",
	publisher = 	"Association for Computational Linguistics",
	pages = 	"477--487",
	location = 	"Montr{\`e}al, Canada",
	url = 	"http://www.aclweb.org/anthology/N12-1052"
}

@InProceedings{zirikly15cross,
	author = 	"Zirikly, Ayah
	and Hagiwara, Masato",
	title = 	"Cross-lingual Transfer of Named Entity Recognizers without Parallel Corpora",
	booktitle = 	"Proceedings of the 53rd Annual Meeting of the Association for      Computational Linguistics and the 7th International Joint Conference on      Natural Language Processing (Volume 2: Short Papers)    ",
	year = 	"2015",
	publisher = 	"Association for Computational Linguistics",
	pages = 	"390--396",
	location = 	"Beijing, China",
	doi = 	"10.3115/v1/P15-2064",
	url = 	"http://www.aclweb.org/anthology/P15-2064"
}
@InProceedings{tsai16cross,
	author = 	"Tsai, Chen-Tse
	and Mayhew, Stephen
	and Roth, Dan",
	title = 	"Cross-Lingual Named Entity Recognition via Wikification",
	booktitle = 	"Proceedings of The 20th SIGNLL Conference on Computational Natural      Language Learning    ",
	year = 	"2016",
	publisher = 	"Association for Computational Linguistics",
	pages = 	"219--228",
	location = 	"Berlin, Germany",
	doi = 	"10.18653/v1/K16-1022",
	url = 	"http://www.aclweb.org/anthology/K16-1022"
}
@InProceedings{bharadwaj16phonologically,
	author = 	"Bharadwaj, Akash
	and Mortensen, David
	and Dyer, Chris
	and Carbonell, Jaime",
	title = 	"Phonologically Aware Neural Model for Named Entity Recognition in Low      Resource Transfer Settings    ",
	booktitle = 	"Proceedings of the 2016 Conference on Empirical Methods in Natural      Language Processing    ",
	year = 	"2016",
	publisher = 	"Association for Computational Linguistics",
	pages = 	"1462--1472",
	location = 	"Austin, Texas",
	doi = 	"10.18653/v1/D16-1153",
	url = 	"http://www.aclweb.org/anthology/D16-1153"
}

%% joint learning
@InProceedings{lin18multi,
	author = 	"Lin, Ying
	and Yang, Shengqi
	and Stoyanov, Veselin
	and Ji, Heng",
	title = 	"A Multi-lingual Multi-task Architecture for Low-resource Sequence Labeling",
	booktitle = 	"Proceedings of the 56th Annual Meeting of the Association for Computational Linguistics (Volume 1: Long Papers)",
	year = 	"2018",
	publisher = 	"Association for Computational Linguistics",
	pages = 	"799--809",
	location = 	"Melbourne, Australia",
	url = 	"http://aclweb.org/anthology/P18-1074"
}
@InProceedings{cotterell17low,
	author = 	"Cotterell, Ryan
	and Duh, Kevin",
	title = 	"Low-Resource Named Entity Recognition with Cross-lingual, Character-Level Neural Conditional Random Fields",
	booktitle = 	"Proceedings of the Eighth International Joint Conference on Natural Language Processing (Volume 2: Short Papers)",
	year = 	"2017",
	publisher = 	"Asian Federation of Natural Language Processing",
	pages = 	"91--96",
	location = 	"Taipei, Taiwan",
	url = 	"http://aclweb.org/anthology/I17-2016"
}
@article{yang2017transfer,
	title={Transfer learning for sequence tagging with hierarchical recurrent networks},
	author={Yang, Zhilin and Salakhutdinov, Ruslan and Cohen, William W},
	journal={arXiv preprint arXiv:1703.06345},
	year={2017}
}
@Article{ammar16many,
	author = 	"Ammar, Waleed
	and Mulcaire, George
	and Ballesteros, Miguel
	and Dyer, Chris
	and Smith, Noah",
	title = 	"Many Languages, One Parser",
	journal = 	"Transactions of the Association for Computational Linguistics",
	year = 	"2016",
	volume = 	"4",
	pages = 	"431--444",
	url = 	"http://aclweb.org/anthology/Q16-1031"
}
@InProceedings{kim17cross,
	author = 	"Kim, Joo-Kyung
	and Kim, Young-Bum
	and Sarikaya, Ruhi
	and Fosler-Lussier, Eric",
	title = 	"Cross-Lingual Transfer Learning for POS Tagging without Cross-Lingual Resources",
	booktitle = 	"Proceedings of the 2017 Conference on Empirical Methods in Natural Language Processing",
	year = 	"2017",
	publisher = 	"Association for Computational Linguistics",
	pages = 	"2832--2838",
	location = 	"Copenhagen, Denmark",
	url = 	"http://aclweb.org/anthology/D17-1302"
}

%% language model
@article{peters2018deep,
	title={Deep contextualized word representations},
	author={Peters, Matthew E and Neumann, Mark and Iyyer, Mohit and Gardner, Matt and Clark, Christopher and Lee, Kenton and Zettlemoyer, Luke},
	journal={arXiv preprint arXiv:1802.05365},
	year={2018}
}
@inproceedings{vaswani2017attention,
	title={Attention is all you need},
	author={Vaswani, Ashish and Shazeer, Noam and Parmar, Niki and Uszkoreit, Jakob and Jones, Llion and Gomez, Aidan N and Kaiser, {\L}ukasz and Polosukhin, Illia},
	booktitle={Advances in Neural Information Processing Systems},
	pages={5998--6008},
	year={2017}
}
@article{radford2018improving,
	title={Improving language understanding by generative pre-training},
	author={Radford, Alec and Narasimhan, Karthik and Salimans, Tim and Sutskever, Ilya},
	journal={URL https://s3-us-west-2. amazonaws. com/openai-assets/research-covers/language-unsupervised/language\_ understanding\_paper. pdf},
	year={2018}
}

%% MMD
@article{tzeng2014deep,
	title={Deep domain confusion: Maximizing for domain invariance},
	author={Tzeng, Eric and Hoffman, Judy and Zhang, Ning and Saenko, Kate and Darrell, Trevor},
	journal={arXiv preprint arXiv:1412.3474},
	year={2014}
}
@article{long2015learning,
	title={Learning transferable features with deep adaptation networks},
	author={Long, Mingsheng and Cao, Yue and Wang, Jianmin and Jordan, Michael I},
	journal={arXiv preprint arXiv:1502.02791},
	year={2015}
}
@article{li2017demystifying,
	title={Demystifying neural style transfer},
	author={Li, Yanghao and Wang, Naiyan and Liu, Jiaying and Hou, Xiaodi},
	journal={arXiv preprint arXiv:1701.01036},
	year={2017}
}

%%domain adaptation
@article{daume2009frustratingly,
	title={Frustratingly easy domain adaptation},
	author={Daum{\'e} III, Hal},
	journal={arXiv preprint arXiv:0907.1815},
	year={2009}
}

%% sampled softmax
@InProceedings{jean15on,
	author = 	"Jean, S{\'e}bastien
	and Cho, Kyunghyun
	and Memisevic, Roland
	and Bengio, Yoshua",
	title = 	"On Using Very Large Target Vocabulary for Neural Machine Translation",
	booktitle = 	"Proceedings of the 53rd Annual Meeting of the Association for Computational Linguistics and the 7th International Joint Conference on Natural Language Processing (Volume 1: Long Papers)",
	year = 	"2015",
	publisher = 	"Association for Computational Linguistics",
	pages = 	"1--10",
	location = 	"Beijing, China",
	doi = 	"10.3115/v1/P15-1001",
	url = 	"http://aclweb.org/anthology/P15-1001"
}
@article{kingma2014adam,
	title={Adam: A method for stochastic optimization},
	author={Kingma, Diederik P and Ba, Jimmy},
	journal={arXiv preprint arXiv:1412.6980},
	year={2014}
}
%% corpora and preprosess
@article{chelba2013one,
	title={One billion word benchmark for measuring progress in statistical language modeling},
	author={Chelba, Ciprian and Mikolov, Tomas and Schuster, Mike and Ge, Qi and Brants, Thorsten and Koehn, Phillipp and Robinson, Tony},
	journal={arXiv preprint arXiv:1312.3005},
	year={2013}
}
@inproceedings{loper2002nltk,
	title={NLTK: The natural language toolkit},
	author={Loper, Edward and Bird, Steven},
	booktitle={Proceedings of the ACL-02 Workshop on Effective tools and methodologies for teaching natural language processing and computational linguistics-Volume 1},
	pages={63--70},
	year={2002},
	organization={Association for Computational Linguistics}
}

%% cross-lingual embeddings
@article{mikolov2013exploiting,
	title={Exploiting similarities among languages for machine translation},
	author={Mikolov, Tomas and Le, Quoc V and Sutskever, Ilya},
	journal={arXiv preprint arXiv:1309.4168},
	year={2013}
}
@InProceedings{faruqui14improving,
	author = 	"Faruqui, Manaal
	and Dyer, Chris",
	title = 	"Improving Vector Space Word Representations Using Multilingual Correlation",
	booktitle = 	"Proceedings of the 14th Conference of the European Chapter of the      Association for Computational Linguistics     ",
	year = 	"2014",
	publisher = 	"Association for Computational Linguistics",
	pages = 	"462--471",
	location = 	"Gothenburg, Sweden",
	doi = 	"10.3115/v1/E14-1049",
	url = 	"http://aclweb.org/anthology/E14-1049"
}
@InProceedings{xing15normalized,
	author = 	"Xing, Chao
	and Wang, Dong
	and Liu, Chao
	and Lin, Yiye",
	title = 	"Normalized Word Embedding and Orthogonal Transform for Bilingual Word Translation",
	booktitle = 	"Proceedings of the 2015 Conference of the North American Chapter of the Association for Computational Linguistics: Human Language Technologies",
	year = 	"2015",
	publisher = 	"Association for Computational Linguistics",
	pages = 	"1006--1011",
	location = 	"Denver, Colorado",
	doi = 	"10.3115/v1/N15-1104",
	url = 	"http://aclweb.org/anthology/N15-1104"
}
@InProceedings{lazaridou15hubness,
	author = 	"Lazaridou, Angeliki
	and Dinu, Georgiana
	and Baroni, Marco",
	title = 	"Hubness and Pollution: Delving into Cross-Space Mapping for Zero-Shot Learning",
	booktitle = 	"Proceedings of the 53rd Annual Meeting of the Association for Computational Linguistics and the 7th International Joint Conference on Natural Language Processing (Volume 1: Long Papers)",
	year = 	"2015",
	publisher = 	"Association for Computational Linguistics",
	pages = 	"270--280",
	location = 	"Beijing, China",
	doi = 	"10.3115/v1/P15-1027",
	url = 	"http://aclweb.org/anthology/P15-1027"
}
@article{ammar2016massively,
	title={Massively multilingual word embeddings},
	author={Ammar, Waleed and Mulcaire, George and Tsvetkov, Yulia and Lample, Guillaume and Dyer, Chris and Smith, Noah A},
	journal={arXiv preprint arXiv:1602.01925},
	year={2016}
}
@InProceedings{artetxe16learning,
	author = 	"Artetxe, Mikel
	and Labaka, Gorka
	and Agirre, Eneko",
	title = 	"Learning principled bilingual mappings of word embeddings while preserving      monolingual invariance    ",
	booktitle = 	"Proceedings of the 2016 Conference on Empirical Methods in Natural      Language Processing    ",
	year = 	"2016",
	publisher = 	"Association for Computational Linguistics",
	pages = 	"2289--2294",
	location = 	"Austin, Texas",
	doi = 	"10.18653/v1/D16-1250",
	url = 	"http://aclweb.org/anthology/D16-1250"
}
@article{smith2017offline,
	title={Offline bilingual word vectors, orthogonal transformations and the inverted softmax},
	author={Smith, Samuel L and Turban, David HP and Hamblin, Steven and Hammerla, Nils Y},
	journal={arXiv preprint arXiv:1702.03859},
	year={2017}
}
@article{conneau2017word,
	title={Word translation without parallel data},
	author={Conneau, Alexis and Lample, Guillaume and Ranzato, Marc'Aurelio and Denoyer, Ludovic and J{\'e}gou, Herv{\'e}},
	journal={arXiv preprint arXiv:1710.04087},
	year={2017}
}
@InProceedings{zhang17adversarial,
	author = 	"Zhang, Meng
	and Liu, Yang
	and Luan, Huanbo
	and Sun, Maosong",
	title = 	"Adversarial Training for Unsupervised Bilingual Lexicon Induction",
	booktitle = 	"Proceedings of the 55th Annual Meeting of the Association for      Computational Linguistics (Volume 1: Long Papers)    ",
	year = 	"2017",
	publisher = 	"Association for Computational Linguistics",
	pages = 	"1959--1970",
	location = 	"Vancouver, Canada",
	doi = 	"10.18653/v1/P17-1179",
	url = 	"http://aclweb.org/anthology/P17-1179"
}
@inproceedings{cao2016distribution,
	title={A distribution-based model to learn bilingual word embeddings},
	author={Cao, Hailong and Zhao, Tiejun and Zhang, Shu and Meng, Yao},
	booktitle={Proceedings of COLING 2016, the 26th International Conference on Computational Linguistics: Technical Papers},
	pages={1818--1827},
	year={2016}
}

@InProceedings{duong16learning,
	author = 	"Duong, Long
	and Kanayama, Hiroshi
	and Ma, Tengfei
	and Bird, Steven
	and Cohn, Trevor",
	title = 	"Learning Crosslingual Word Embeddings without Bilingual Corpora",
	booktitle = 	"Proceedings of the 2016 Conference on Empirical Methods in Natural      Language Processing    ",
	year = 	"2016",
	publisher = 	"Association for Computational Linguistics",
	pages = 	"1285--1295",
	location = 	"Austin, Texas",
	doi = 	"10.18653/v1/D16-1136",
	url = 	"http://aclweb.org/anthology/D16-1136"
}

@InProceedings{artetxe17learning,
	author = 	"Artetxe, Mikel
	and Labaka, Gorka
	and Agirre, Eneko",
	title = 	"Learning bilingual word embeddings with (almost) no bilingual data",
	booktitle = 	"Proceedings of the 55th Annual Meeting of the Association for      Computational Linguistics (Volume 1: Long Papers)    ",
	year = 	"2017",
	publisher = 	"Association for Computational Linguistics",
	pages = 	"451--462",
	location = 	"Vancouver, Canada",
	doi = 	"10.18653/v1/P17-1042",
	url = 	"http://aclweb.org/anthology/P17-1042"
}

%POS
@inproceedings{yarowsky2001inducing,
	author = {Yarowsky, David and Ngai, Grace and Wicentowski, Richard},
	title = {Inducing Multilingual Text Analysis Tools via Robust Projection Across Aligned Corpora},
	booktitle = {Proceedings of the First International Conference on Human Language Technology Research},
	series = {HLT '01},
	year = {2001},
	location = {San Diego},
	pages = {1--8},
	numpages = {8},
	url = {https://doi.org/10.3115/1072133.1072187},
	doi = {10.3115/1072133.1072187},
	acmid = {1072187},
	publisher = {Association for Computational Linguistics},
	address = {Stroudsburg, PA, USA},
	keywords = {lemmatization, morphology, multilingual, named entity, noun phrase bracketing, parallel corpora, part-of-speech tagging, text analysis},
}

@inproceedings{das2011unsupervised,
	author = {Das, Dipanjan and Petrov, Slav},
	title = {Unsupervised Part-of-speech Tagging with Bilingual Graph-based Projections},
	booktitle = {Proceedings of the 49th Annual Meeting of the Association for Computational Linguistics: Human Language Technologies - Volume 1},
	series = {HLT '11},
	year = {2011},
	isbn = {978-1-932432-87-9},
	location = {Portland, Oregon},
	pages = {600--609},
	numpages = {10},
	url = {http://dl.acm.org/citation.cfm?id=2002472.2002549},
	acmid = {2002549},
	publisher = {Association for Computational Linguistics},
	address = {Stroudsburg, PA, USA},
} 

@Article{tackstrom2013token,
	author =   "T{\"a}ckstr{\"o}m, Oscar
	and Das, Dipanjan
	and Petrov, Slav
	and McDonald, Ryan
	and Nivre, Joakim",
	title =   "Token and Type Constraints for Cross-Lingual Part-of-Speech Tagging",
	journal =   "Transactions of the Association for Computational Linguistics",
	year =   "2013",
	volume =   "1",
	pages =   "1--12",
	url =   "http://aclweb.org/anthology/Q13-1001"
}

@InProceedings{fang2017model,
	author =   "Fang, Meng
	and Cohn, Trevor",
	title =   "Model Transfer for Tagging Low-resource Languages using a Bilingual Dictionary",
	booktitle =   "Proceedings of the 55th Annual Meeting of the Association for      Computational Linguistics (Volume 2: Short Papers)    ",
	year =   "2017",
	publisher =   "Association for Computational Linguistics",
	pages =   "587--593",
	location =   "Vancouver, Canada",
	doi =   "10.18653/v1/P17-2093",
	url =   "http://aclweb.org/anthology/P17-2093"
}

@InProceedings{zhang2016ten,
	author =   "Zhang, Yuan
	and Gaddy, David
	and Barzilay, Regina
	and Jaakkola, Tommi",
	title =   "Ten Pairs to Tag -- Multilingual POS Tagging via Coarse Mapping between      Embeddings    ",
	booktitle =   "Proceedings of the 2016 Conference of the North American Chapter of the      Association for Computational Linguistics: Human Language Technologies    ",
	year =   "2016",
	publisher =   "Association for Computational Linguistics",
	pages =   "1307--1317",
	location =   "San Diego, California",
	doi =   "10.18653/v1/N16-1156",
	url =   "http://aclweb.org/anthology/N16-1156"
}

@article{petrov11auniversal,
	author    = {Slav Petrov and
	Dipanjan Das and
	Ryan T. McDonald},
	title     = {A Universal Part-of-Speech Tagset},
	journal   = {CoRR},
	volume    = {abs/1104.2086},
	year      = {2011},
	url       = {http://arxiv.org/abs/1104.2086},
	archivePrefix = {arXiv},
	eprint    = {1104.2086},
	timestamp = {Mon, 13 Aug 2018 16:48:23 +0200},
	biburl    = {https://dblp.org/rec/bib/journals/corr/abs-1104-2086},
	bibsource = {dblp computer science bibliography, https://dblp.org}
}

%% experiments
@inproceedings{tksintro2002conll,
	author     = "Tjong Kim Sang, Erik F.",
	title      = "Introduction to the CoNLL-2002 Shared Task:
	Language-Independent Named Entity Recognition",
	booktitle  = "Proceedings of CoNLL-2002",
	editors    = "Dan Roth and Antal van den Bosch",
	publisher  = "Taipei, Taiwan",
	pages      = "155--158",
	year       = "2002"
}

@inproceedings{tjongkimsang2003conll,
	author     = "Tjong Kim Sang, Erik F. and De Meulder, Fien",
	title      = "Introduction to the CoNLL-2003 Shared Task: 
	Language-Independent Named Entity Recognition",
	booktitle  = "Proceedings of CoNLL-2003",
	editor     = "Walter Daelemans and Miles Osborne",
	publisher  = "Edmonton, Canada",
	pages      = "142--147",
	year       = "2003"
}

@inproceedings{buchholz2006conll,
	author = {Buchholz, Sabine and Marsi, Erwin},
	title = {CoNLL-X Shared Task on Multilingual Dependency Parsing},
	booktitle = {Proceedings of the Tenth Conference on Computational Natural Language Learning},
	series = {CoNLL-X '06},
	year = {2006},
	location = {New York City, New York},
	pages = {149--164},
	numpages = {16},
	url = {http://dl.acm.org/citation.cfm?id=1596276.1596305},
	acmid = {1596305},
	publisher = {Association for Computational Linguistics},
	address = {Stroudsburg, PA, USA},
}

@InProceedings{nivre07the,
	author =   "Nivre, Joakim
	and Hall, Johan
	and K{\"u}bler, Sandra
	and McDonald, Ryan
	and Nilsson, Jens
	and Riedel, Sebastian
	and Yuret, Deniz",
	title =   "The CoNLL 2007 Shared Task on Dependency Parsing",
	booktitle =   "Proceedings of the 2007 Joint Conference on Empirical Methods in Natural Language Processing and Computational Natural Language Learning (EMNLP-CoNLL)",
	year =   "2007",
	url =   "http://aclweb.org/anthology/D07-1096"
}

@inproceedings{hovy2006ontonotes,
	author = {Hovy, Eduard and Marcus, Mitchell and Palmer, Martha and Ramshaw, Lance and Weischedel, Ralph},
	title = {OntoNotes: The 90\% Solution},
	booktitle = {Proceedings of the Human Language Technology Conference of the NAACL, Companion Volume: Short Papers},
	series = {NAACL-Short '06},
	year = {2006},
	location = {New York, New York},
	pages = {57--60},
	numpages = {4},
	url = {http://dl.acm.org/citation.cfm?id=1614049.1614064},
	acmid = {1614064},
	publisher = {Association for Computational Linguistics},
	address = {Stroudsburg, PA, USA},
}

@article{nothman13learning,
	author = {Nothman, Joel and Ringland, Nicky and Radford, Will and Murphy, Tara and Curran, James R.},
	title = {Learning Multilingual Named Entity Recognition from Wikipedia},
	journal = {Artif. Intell.},
	issue_date = {January, 2013},
	volume = {194},
	month = jan,
	year = {2013},
	issn = {0004-3702},
	pages = {151--175},
	numpages = {25},
	url = {http://dx.doi.org/10.1016/j.artint.2012.03.006},
	doi = {10.1016/j.artint.2012.03.006},
	acmid = {2405915},
	publisher = {Elsevier Science Publishers Ltd.},
	address = {Essex, UK},
	keywords = {Annotated corpora, Information extraction, Named entity recognition, Semi-structured resources, Semi-supervised learning, Wikipedia},
}

## glove fasttext
@inproceedings{pennington2014glove,
	title={Glove: Global vectors for word representation},
	author={Pennington, Jeffrey and Socher, Richard and Manning, Christopher},
	booktitle={Proceedings of the 2014 conference on empirical methods in natural language processing (EMNLP)},
	pages={1532--1543},
	year={2014}
}
@article{bojanowski2017enriching,
	title={Enriching Word Vectors with Subword Information},
	author={Bojanowski, Piotr and Grave, Edouard and Joulin, Armand and Mikolov, Tomas},
	journal={Transactions of the Association for Computational Linguistics},
	volume={5},
	year={2017},
	issn={2307-387X},
	pages={135--146}
}