% This file was created with JabRef 2.10.
% Encoding: UTF8


@InProceedings{Ananth09:Startrack,
  Title                    = {StarTrack: a framework for enabling track-based applications},
  Author                   = {Ganesh Ananthanarayanan and
 Maya Haridasan and
 Iqbal Mohomed and
 Doug Terry and
 Chandramohan A. Thekkath},
  Booktitle                = {MobiSys},
  Year                     = {2009},
  Pages                    = {207-220}
}

@Article{Barneveld04:Interface,
  Title                    = {Designing Usable Interfaces for TV Recommender Systems[J]},
  Author                   = {Jeroen Van Barneveld and
 Mark Van Setten},
  Journal                  = {Human-Computer Interaction Series},
  Year                     = {2004},
  Number                   = {3},
  Pages                    = {259-285},
  Volume                   = {6}
}

@InProceedings{CelmaRH05:MusicRecommend,
  Title                    = {Foafing the Music: A Music Recommendation System based on
 RSS Feeds and User Preferences[A]},
  Author                   = {{\`O}scar Celma and
 Miquel Ram\'{\i}rez and
 Perfecto Herrera},
  Booktitle                = {ISMIR[C]},
  Year                     = {2005},
  Pages                    = {464-467}
}

@InProceedings{Chintalapudi10:IndoorLoc,
  Title                    = {Indoor localization without the pain},
  Author                   = {Krishna Chintalapudi and
 Anand Padmanabha Iyer and
 Venkata N. Padmanabhan},
  Booktitle                = {MOBICOM},
  Year                     = {2010},
  Pages                    = {173-184}
}

@InProceedings{Constandache10:SeeBob,
  Title                    = {Did you see Bob?: human localization using mobile phones},
  Author                   = {Ionut Constandache and
 Xuan Bao and
 Martin Azizyan and
 Romit Roy Choudhury},
  Booktitle                = {MOBICOM},
  Year                     = {2010},
  Pages                    = {149-160}
}

@InProceedings{Gutta00:ContentRecommender,
  Title                    = {TV Content Recommender System[A]},
  Author                   = {Srinivas Gutta and
 Kaushal Kurapati and
 K. P. Lee and
 Jacquelyn Martino and
 John Milanski and
 J. David Schaffer and
 John Zimmerman},
  Booktitle                = {AAAI/IAAI[C]},
  Year                     = {2000},
  Pages                    = {1121-1122}
}

@InProceedings{HustedM10:Malnets,
  Title                    = {Mobile location tracking in metro areas: malnets and others},
  Author                   = {Nathaniel Husted and
 Steven Myers},
  Booktitle                = {ACM Conference on Computer and Communications Security},
  Year                     = {2010},
  Pages                    = {85-96}
}

@InProceedings{Ikawa10:Evaluate,
  Title                    = {Evaluation of a TV Programs Recommendation using the EPG and Viewer's Log Data[A]},
  Author                   = {Kazuki Ikawa and
 Tomohiro Fukuhara and
 Hideki Fujii and
 Hideaki Takeda},
  Booktitle                = {Adjunct Proceedings EuroITV 2010[C]},
  Year                     = {2010},
  Pages                    = {182-185}
}

@InProceedings{Laudy08:InfoFusion,
  Title                    = {Information Fusion in a TV program Recommendation System[A]},
  Author                   = {Claire Laudy and
 Jean-Gabriel ganascia},
  Booktitle                = {Information Fusion International Conference[C]},
  Year                     = {2008},
  Pages                    = {1-8}
}

@Article{Lee10:RecommendunderCloud,
  Title                    = {Personalized DTV Program Recommendation System under a Cloud Computing Environment[J]},
  Author                   = {SeungGwan Lee and
 Daeho Lee and
 Sungwon Lee},
  Journal                  = {IEEE Transactions on Consumer Electronics},
  Year                     = {2010},
  Number                   = {2},
  Pages                    = {1034-1042},
  Volume                   = {56}
}

@InProceedings{Ma10:PrivacyTraces,
  Title                    = {Privacy vulnerability of published anonymous mobility traces},
  Author                   = {Chris Y. T. Ma and
 David K. Y. Yau and
 Nung Kwan Yip and
 Nageswara S. V. Rao},
  Booktitle                = {MOBICOM},
  Year                     = {2010},
  Pages                    = {185-196}
}

@InProceedings{Otsason05:GSMLoc,
  Title                    = {Accurate {GSM} Indoor Localization},
  Author                   = {Veljo Otsason and
 Alex Varshavsky and
 Anthony LaMarca and
 Eyal de Lara},
  Booktitle                = {Ubicomp},
  Year                     = {2005},
  Pages                    = {141-158}
}

@Book{Rao00:LeastSquare,
  Author                   = {C. R. Rao and 
 H. Toutenburg and 
 A. Fieger and 
 C. Heumann and 
 T. Nittner and S. Scheid},
  Year                     = {1999},

  Booktitle                = {Linear Models: Least Squares and Alternatives}
}

@InProceedings{Sarwar00:ECommerceRecommend,
  Title                    = {Analysis of recommendation algorithms for e-commerce[A]},
  Author                   = {Badrul M. Sarwar and
 George Karypis and
 Joseph A. Konstan and
 John Riedl},
  Booktitle                = {ACM Conference on Electronic Commerce[C]},
  Year                     = {2000},
  Pages                    = {158-167}
}

@InProceedings{SarwarKKR01:itembased,
  Title                    = {Item-based collaborative filtering recommendation algorithms[A]},
  Author                   = {Badrul M. Sarwar and George Karypis and Joseph A. Konstan and John Riedll},
  Booktitle                = {WWW[C]},
  Year                     = {2001},
  Pages                    = {285-295}
}

@Article{Velusamy08:AdRecommend,
  Title                    = {An efficient ad recommendation system for TV programs[J]},
  Author                   = {Sudha Velusamy and
 Lakshmi Gopal and
 Shalabh Bhatnagar and
 Sridhar Varadarajan},
  Journal                  = {Multimedia Syst.},
  Year                     = {2008},
  Number                   = {2},
  Pages                    = {73-87},
  Volume                   = {14}
}

@Article{Whitbeck10:Plausible,
  Title                    = {Plausible Mobility: Inferring Movement from Contacts},
  Author                   = {John Whitbeck and Marcelo Dias de Amorim and Vania Conan},
  Journal                  = {CoRR},
  Year                     = {2010},
  Volume                   = {abs/1001.3673}
}

@Article{Zhiwen06:RecommendMultiViewers,
  Title                    = {TV Program Recommendation for Multiple Viewers Based on
 user Profile Merging[J]},
  Author                   = {Zhiwen Yu and
 Xingshe Zhou and
 Yanbin Hao and
 Jianhua Gu},
  Journal                  = {User Model. User-Adapt. Interact.},
  Year                     = {2006},
  Number                   = {1},
  Pages                    = {63-82},
  Volume                   = {16}
}

