@article{VK:wikidata14,
	author  = {Denny Vrande\v{c}i\'{c} and Markus Kr\"{o}tzsch},
	title   = {Wikidata: A Free Collaborative Knowledgebase},
	journal = {Communications of ACM},
	year    = {2014},
	volume  = {57},
	issue   = {10},
	pages   = {78-85},
	doi = "10.1145/2629489",
}


@inproceedings{Bunescu2005ASP,
	title={A Shortest Path Dependency Kernel for Relation Extraction},
	author={Razvan C. Bunescu and Raymond J. Mooney},
	booktitle={HLT/EMNLP},
	year={2005}
}

@inproceedings{Zhou2005ExploringVK,
	title={Exploring Various Knowledge in Relation Extraction},
	author={Guodong Zhou and Jian Su and Jie Zhang and Min Zhang},
	booktitle={ACL},
	year={2005}
}

@inproceedings{Ren2017CoTypeJE,
	title={CoType: Joint Extraction of Typed Entities and Relations with Knowledge Bases},
	author={Xiang Ren and Zeqiu Wu and Wenqi He and Meng Qu and Clare R. Voss and Heng Ji and Tarek F. Abdelzaher and Jiawei Han},
	booktitle={WWW},
	year={2017}
}

@book{APA:83,
  author  = {{American Psychological Association}},
  title   = {Publications Manual},
  year    = "1983",
  publisher = {American Psychological Association},
  address = {Washington, DC}
}

@InProceedings{lahiri:2014:SRW,
  author = 	"Lahiri, Shibamouli",
title = 	"Complexity of Word Collocation Networks: A Preliminary Structural Analysis",
booktitle = 	"Proceedings of the Student Research Workshop at the 14th Conference of      the European Chapter of the Association for Computational Linguistics     ",
year = 	"2014",
publisher = 	"Association for Computational Linguistics",
pages = 	"96--105",
location = 	"Gothenburg, Sweden",
doi = 	"10.3115/v1/E14-3011",
url = 	"http://www.aclweb.org/anthology/E14-3011"
}

@inproceedings{mintz2009distant,
  author = 	"Mintz, Mike
and Bills, Steven
and Snow, Rion
and Jurafsky, Daniel",
title = 	"Distant supervision for relation extraction without labeled data",
booktitle = 	"Proceedings of the Joint Conference of the 47th Annual Meeting of the ACL and the 4th International Joint Conference on Natural Language Processing of the AFNLP",
year = 	"2009",
publisher = 	"Association for Computational Linguistics",
pages = 	"1003--1011",
location = 	"Suntec, Singapore",
url = 	"http://www.aclweb.org/anthology/P09-1113"
}

@inproceedings{Lin2016NeuralRE,
	title={Neural Relation Extraction with Selective Attention over Instances},
	author={Yankai Lin and Shiqi Shen and Zhiyuan Liu and Huanbo Luan and Maosong Sun},
	booktitle={ACL},
	year={2016}
}
@inproceedings{hoffmann2011knowledge,
	title={Knowledge-based weak supervision for information extraction of overlapping relations},
	author={Hoffmann, Raphael and Zhang, Congle and Ling, Xiao and Zettlemoyer, Luke and Weld, Daniel S},
	booktitle={Proceedings of the 49th Annual Meeting of the Association for Computational Linguistics: Human Language Technologies-Volume 1},
	pages={541--550},
	year={2011},
	organization={Association for Computational Linguistics}
}
@inproceedings{surdeanu2012multi,
	title={Multi-instance multi-label learning for relation extraction},
	author={Surdeanu, Mihai and Tibshirani, Julie and Nallapati, Ramesh and Manning, Christopher D},
	booktitle={Proceedings of the 2012 joint conference on empirical methods in natural language processing and computational natural language learning},
	pages={455--465},
	year={2012},
	organization={Association for Computational Linguistics}
}
@article{riedel2010modeling,
	title={Modeling relations and their mentions without labeled text},
	author={Riedel, Sebastian and Yao, Limin and McCallum, Andrew},
	journal={Machine learning and knowledge discovery in databases},
	pages={148--163},
	year={2010},
	url="https://link.springer.com/content/pdf/10.1007/978-3-642-15939-8_10.pdf"
}
@inproceedings{speer2012representing,
  author = 	"Speer, Robert
and Havasi, Catherine",
title = 	"Representing General Relational Knowledge in ConceptNet 5",
booktitle = 	"Proceedings of the Eighth International Conference on Language Resources and Evaluation (LREC-2012)",
year = 	"2012",
publisher = 	"European Language Resources Association (ELRA)",
location = 	"Istanbul, Turkey",
url = 	"http://www.aclweb.org/anthology/L12-1639"
}

@inproceedings{yatskar2016stating,
  author = 	"Yatskar, Mark
and Ordonez, Vicente
and Farhadi, Ali",
title = 	"Stating the Obvious: Extracting Visual Common Sense Knowledge",
booktitle = 	"Proceedings of the 2016 Conference of the North American Chapter of the      Association for Computational Linguistics: Human Language Technologies    ",
year = 	"2016",
publisher = 	"Association for Computational Linguistics",
pages = 	"193--198",
location = 	"San Diego, California",
doi = 	"10.18653/v1/N16-1023",
url = 	"http://www.aclweb.org/anthology/N16-1023"
}

@inproceedings{li2016commonsense,
  title={Commonsense knowledge base completion},
  author={Li, Xiang and Taheri, Aynaz and Tu, Lifu and Gimpel, Kevin},
  booktitle={Proceedings of the 54th Annual Meeting of the Association for Computational Linguistics (ACL), Berlin, Germany, August. Association for Computational Linguistics},
  year={2016},
    pages = 	"1445--1455",
  doi = 	"10.18653/v1/P16-1137",
  url = 	"http://www.aclweb.org/anthology/P16-1137"
}

@inproceedings{zeng2014relation,
  author = 	"Zeng, Daojian
and Liu, Kang
and Lai, Siwei
and Zhou, Guangyou
and Zhao, Jun",
title = 	"Relation Classification via Convolutional Deep Neural Network",
booktitle = 	"Proceedings of COLING 2014, the 25th International Conference on Computational Linguistics: Technical Papers",
year = 	"2014",
publisher = 	"Dublin City University and Association for Computational Linguistics",
pages = 	"2335--2344",
location = 	"Dublin, Ireland",
url = 	"http://www.aclweb.org/anthology/C14-1220"
}

@article{hinton2012improving,
	title={Improving neural networks by preventing co-adaptation of feature detectors},
	author={Hinton, Geoffrey E and Srivastava, Nitish and Krizhevsky, Alex and Sutskever, Ilya and Salakhutdinov, Ruslan R},
	journal={arXiv preprint arXiv:1207.0580},
	year={2012}
}
@article{zaremba2014recurrent,
	title={Recurrent neural network regularization},
	author={Zaremba, Wojciech and Sutskever, Ilya and Vinyals, Oriol},
	journal={arXiv preprint arXiv:1409.2329},
	year={2014},
	url={https://arxiv.org/abs/1409.2329}
}
@article{ioffe2015batch,
	title={Batch normalization: Accelerating deep network training by reducing internal covariate shift},
	author={Ioffe, Sergey and Szegedy, Christian},
	journal={arXiv preprint arXiv:1502.03167},
	year={2015}
}
@article{cooijmans2016recurrent,
	title={Recurrent batch normalization},
	author={Cooijmans, Tim and Ballas, Nicolas and Laurent, C{\'e}sar and G{\"u}l{\c{c}}ehre, {\c{C}}a{\u{g}}lar and Courville, Aaron},
	journal={arXiv preprint arXiv:1603.09025},
	year={2016}
}
@article{hinton2012neural,
	title={Neural Networks for Machine Learning Lecture 6a Overview of mini--batch gradient descent},
	author={Hinton, Geoffrey and Srivastava, NiRsh and Swersky, Kevin},
	journal={Lecture 6.5, Coursera},
	year={2012},
	url={https://www.cs.toronto.edu/~tijmen/csc321/slides/lecture_slides_lec6.pdf}
}
@article{bengio1994learning,
	title={Learning long-term dependencies with gradient descent is difficult},
	author={Bengio, Yoshua and Simard, Patrice and Frasconi, Paolo},
	journal={IEEE transactions on neural networks},
	volume={5},
	number={2},
	pages={157--166},
	year={1994},
	publisher={IEEE}
}
@article{hochreiter1997long,
	title={Long short-term memory},
	author={Hochreiter, Sepp and Schmidhuber, J{\"u}rgen},
	journal={Neural computation},
	volume={9},
	number={8},
	pages={1735--1780},
	year={1997},
	publisher={MIT Press}
}
@inproceedings{socher2011semi,
	title={Semi-supervised recursive autoencoders for predicting sentiment distributions},
	author={Socher, Richard and Pennington, Jeffrey and Huang, Eric H and Ng, Andrew Y and Manning, Christopher D},
	booktitle={Proceedings of the conference on empirical methods in natural language processing},
	pages={151--161},
	year={2011},
	organization={Association for Computational Linguistics}
}
@inproceedings{xu2015classifying,
  author = 	"Xu, Yan
and Mou, Lili
and Li, Ge
and Chen, Yunchuan
and Peng, Hao
and Jin, Zhi",
title = 	"Classifying Relations via Long Short Term Memory Networks along Shortest      Dependency Paths    ",
booktitle = 	"Proceedings of the 2015 Conference on Empirical Methods in Natural      Language Processing    ",
year = 	"2015",
publisher = 	"Association for Computational Linguistics",
pages = 	"1785--1794",
location = 	"Lisbon, Portugal",
doi = 	"10.18653/v1/D15-1206",
url = 	"http://www.aclweb.org/anthology/D15-1206"
}
@inproceedings{lin2014microsoft,
	title={Microsoft coco: Common objects in context},
	author={Lin, Tsung-Yi and Maire, Michael and Belongie, Serge and Hays, James and Perona, Pietro and Ramanan, Deva and Doll{\'a}r, Piotr and Zitnick, C Lawrence},
	booktitle={European Conference on Computer Vision},
	pages={740--755},
	year={2014},
	organization={Springer}
}
@inproceedings{ebrahimi2015chain,
	title={Chain Based RNN for Relation Classification.},
	author={Ebrahimi, Javid and Dou, Dejing},
	booktitle={HLT-NAACL},
	pages={1244--1249},
	year={2015}
}
@inproceedings{sem,
  author = 	"Hendrickx, Iris
and Kim, Su Nam
and Kozareva, Zornitsa
and Nakov, Preslav
and {\'O} S{\'e}aghdha, Diarmuid
and Pad{\'o}, Sebastian
and Pennacchiotti, Marco
and Romano, Lorenza
and Szpakowicz, Stan",
title = 	"SemEval-2010 Task 8: Multi-Way Classification of Semantic Relations between Pairs of Nominals",
booktitle = 	"Proceedings of the 5th International Workshop on Semantic Evaluation",
year = 	"2010",
publisher = 	"Association for Computational Linguistics",
pages = 	"33--38",
location = 	"Uppsala, Sweden",
url = 	"http://www.aclweb.org/anthology/S10-1006"
}
@inproceedings{Xu2016ImprovedRC,
  author = 	"Xu, Yan
and Jia, Ran
and Mou, Lili
and Li, Ge
and Chen, Yunchuan
and Lu, Yangyang
and Jin, Zhi",
title = 	"Improved relation classification by deep recurrent neural networks with data augmentation",
booktitle = 	"Proceedings of COLING 2016, the 26th International Conference on Computational Linguistics: Technical Papers",
year = 	"2016",
publisher = 	"The COLING 2016 Organizing Committee",
pages = 	"1461--1470",
location = 	"Osaka, Japan",
url = 	"http://www.aclweb.org/anthology/C16-1138"
}

@inproceedings{pennington2014glove,
  author = 	"Pennington, Jeffrey
and Socher, Richard
and Manning, Christopher",
title = 	"Glove: Global Vectors for Word Representation",
booktitle = 	"Proceedings of the 2014 Conference on Empirical Methods in Natural      Language Processing (EMNLP)    ",
year = 	"2014",
publisher = 	"Association for Computational Linguistics",
pages = 	"1532--1543",
location = 	"Doha, Qatar",
doi = 	"10.3115/v1/D14-1162",
url = 	"http://www.aclweb.org/anthology/D14-1162"
}
@article{dagan2009recognizing,
	title={Recognizing textual entailment: Rational, evaluation and approaches},
	author={Dagan, Ido and Dolan, Bill and Magnini, Bernardo and Roth, Dan},
	journal={Natural Language Engineering},
	volume={15},
	number={4},
	pages={i--xvii},
	year={2009},
	publisher={Cambridge University Press},
	doi = "10.1017/S1351324909990234"
}
@InProceedings{bowman2015large,
  author = 	"Bowman, Samuel R.
	and Angeli, Gabor
	and Potts, Christopher
	and Manning, Christopher D.",
	title = 	"A large annotated corpus for learning natural language inference",
	booktitle = 	"Proceedings of the 2015 Conference on Empirical Methods in Natural      Language Processing    ",
	year = 	"2015",
	publisher = 	"Association for Computational Linguistics",
	pages = 	"632--642",
	location = 	"Lisbon, Portugal",
	doi = 	"10.18653/v1/D15-1075",
	url = 	"http://www.aclweb.org/anthology/D15-1075"
}
@inproceedings{zhu2014reasoning,
	title={Reasoning about object affordances in a knowledge base representation},
	author={Zhu, Yuke and Fathi, Alireza and Fei-Fei, Li},
	booktitle={European conference on computer vision},
	pages={408--424},
	year={2014},
	organization={Springer},
	doi="10.1007/978-3-319-10605-2_27"
}

@article{Landis1977TheMO,
	title={The measurement of observer agreement for categorical data.},
	author={J. Richard Landis and Gary G. Koch},
	journal={Biometrics},
	year={1977},
	volume={33 1},
	pages={159-74},
	doi="10.2307/2529310"
}