@article{gong2015representing,
  title={Representing Verbs as Argument Concepts},
  author={Gong, Yu and Zhao, Kaiqi and Zhu, Kenny Q},
  booktitle={AAAI},
  year={2015}
}
@inproceedings{wu2012probase,
  title={Probase: A Probabilistic Taxonomy for Text Understanding},
  author={Wu, Wentao and Li, Hongsong and Wang, Haixun and Zhu, Kenny Q},
  booktitle={ACM SIGMOD},
  year={2012}
}
@misc{wiktionary,
author={Wiktionary},
year = {2016},
title = {Wiktionary},
howpublished = "\url{http://www.wiktionary.org}"
}
@Book{wn,
    title = {WordNet: An Electronic Lexical Database},
    author = {Christiane Fellaum},
    year = {1998},
         publisher = {Bradford Books},
}

@article{palmer2005proposition,
  title={The proposition bank: An annotated corpus of semantic roles},
  author={Palmer, Martha and Gildea, Daniel and Kingsbury, Paul},
  journal={Computational linguistics},
  volume={31},
  number={1},
  pages={71--106},
  year={2005},
  publisher={MIT press}
}

@inproceedings{kipper2000class,
  title={Class-based construction of a verb lexicon},
  author={Kipper, Karin and Dang, Hoa Trang and Palmer, Martha and others},
  booktitle={AAAI/IAAI},
  pages={691--696},
  year={2000}
}

@inproceedings{baker1998berkeley,
  title={The berkeley framenet project},
  author={Baker, Collin F and Fillmore, Charles J and Lowe, John B},
  booktitle={Proceedings of the 17th international conference on Computational linguistics-Volume 1},
  pages={86--90},
  year={1998},
  organization={Association for Computational Linguistics}
}

@inproceedings{demartini2013crowdq,
  title={CrowdQ: Crowdsourced Query Understanding.},
  author={Demartini, Gianluca and Trushkowsky, Beth and Kraska, Tim and Franklin, Michael J},
  booktitle={CIDR},
  year={2013}
}

@inproceedings{arguello2009sources,
  title={Sources of evidence for vertical selection},
  author={Arguello, Jaime and Diaz, Fernando and Callan, Jamie and Crespo, Jean-Francois},
  booktitle={Proceedings of the 32nd international ACM SIGIR conference on Research and development in information retrieval},
  pages={315--322},
  year={2009},
  organization={ACM}
}

@inproceedings{pasca2008weakly,
  title={Weakly-Supervised Acquisition of Open-Domain Classes and Class Attributes from Web Documents and Query Logs.},
  author={Pasca, Marius and Van Durme, Benjamin},
  booktitle={ACL},
  pages={19--27},
  year={2008}
}

@inproceedings{manshadi2009semantic,
  title={Semantic tagging of web search queries},
  author={Manshadi, Mehdi and Li, Xiao},
  booktitle={Proceedings of the Joint Conference of the 47th Annual Meeting of the ACL and the 4th International Joint Conference on Natural Language Processing of the AFNLP: Volume 2-Volume 2},
  pages={861--869},
  year={2009},
  organization={Association for Computational Linguistics}
}
