@article{xu2020recipes,
  title={Recipes for safety in open-domain chatbots},
  author={Xu, Jing and Ju, Da and Li, Margaret and Boureau, Y-Lan and Weston, Jason and Dinan, Emily},
  journal={arXiv preprint arXiv:2010.07079},
  year={2020}
}

@inproceedings{baheti2021just,
	title={Just Say No: Analyzing the Stance of Neural Dialogue Generation in Offensive Contexts},
	author={Baheti, Ashutosh and Sap, Maarten and Ritter, Alan and Riedl, Mark},
	booktitle={Proceedings of the 2021 Conference on Empirical Methods in Natural Language Processing},
	pages={4846--4862},
	year={2021}
}

@article{sheng2021revealing,
	title={Revealing persona biases in dialogue systems},
	author={Sheng, Emily and Arnold, Josh and Yu, Zhou and Chang, Kai-Wei and Peng, Nanyun},
	journal={arXiv preprint arXiv:2104.08728},
	year={2021}
}

@article{shwartz2020you,
	title={" You are grounded!": Latent Name Artifacts in Pre-trained Language Models},
	author={Shwartz, Vered and Rudinger, Rachel and Tafjord, Oyvind},
	journal={arXiv preprint arXiv:2004.03012},
	year={2020}
}

@article{smith2021hi,
	title={Hi, my name is Martha: Using names to measure and mitigate bias in generative dialogue models},
	author={Smith, Eric Michael and Williams, Adina},
	journal={arXiv preprint arXiv:2109.03300},
	year={2021}
}

@inproceedings{henderson2018ethical,
	title={Ethical challenges in data-driven dialogue systems},
	author={Henderson, Peter and Sinha, Koustuv and Angelard-Gontier, Nicolas and Ke, Nan Rosemary and Fried, Genevieve and Lowe, Ryan and Pineau, Joelle},
	booktitle={Proceedings of the 2018 AAAI/ACM Conference on AI, Ethics, and Society},
	pages={123--129},
	year={2018}
}

@inproceedings{liu2020does,
	title={Does Gender Matter? Towards Fairness in Dialogue Systems},
	author={Liu, Haochen and Dacon, Jamell and Fan, Wenqi and Liu, Hui and Liu, Zitao and Tang, Jiliang},
	booktitle={Proceedings of the 28th International Conference on Computational Linguistics},
	pages={4403--4416},
	year={2020}
}

@inproceedings{dinan2020queens,
	title={Queens are Powerful too: Mitigating Gender Bias in Dialogue Generation},
	author={Dinan, Emily and Fan, Angela and Williams, Adina and Urbanek, Jack and Kiela, Douwe and Weston, Jason},
	booktitle={Proceedings of the 2020 Conference on Empirical Methods in Natural Language Processing (EMNLP)},
	pages={8173--8188},
	year={2020}
}

@inproceedings{gu2021dialogbert,
	title={Dialogbert: Discourse-aware response generation via learning to recover and rank utterances},
	author={Gu, Xiaodong and Yoo, Kang Min and Ha, Jung-Woo},
	booktitle={Proceedings of the AAAI Conference on Artificial Intelligence},
	volume={35},
	number={14},
	pages={12911--12919},
	year={2021}
}

@inproceedings{xu2021learning,
	title={Learning an effective context-response matching model with self-supervised tasks for retrieval-based dialogues},
	author={Xu, Ruijian and Tao, Chongyang and Jiang, Daxin and Zhao, Xueliang and Zhao, Dongyan and Yan, Rui},
	booktitle={Proceedings of the AAAI Conference on Artificial Intelligence},
	volume={35},
	number={16},
	pages={14158--14166},
	year={2021}
}


@inproceedings{lin2022other,
	title={Other Roles Matter! Enhancing Role-Oriented Dialogue Summarization via Role Interactions},
	author={Lin, Haitao and Zhu, Junnan and Xiang, Lu and Zhou, Yu and Zhang, Jiajun and Zong, Chengqing},
	booktitle={Proceedings of the 60th Annual Meeting of the Association for Computational Linguistics (Volume 1: Long Papers)},
	pages={2545--2558},
	year={2022}
}

@inproceedings{zhong2022dialoglm,
	title={Dialoglm: Pre-trained model for long dialogue understanding and summarization},
	author={Zhong, Ming and Liu, Yang and Xu, Yichong and Zhu, Chenguang and Zeng, Michael},
	booktitle={Proceedings of the AAAI Conference on Artificial Intelligence},
	volume={36},
	number={10},
	pages={11765--11773},
	year={2022}
}

@article{sun2019dream,
	title={Dream: A challenge data set and models for dialogue-based reading comprehension},
	author={Sun, Kai and Yu, Dian and Chen, Jianshu and Yu, Dong and Choi, Yejin and Cardie, Claire},
	journal={Transactions of the Association for Computational Linguistics},
	volume={7},
	pages={217--231},
	year={2019},
	publisher={MIT Press}
}

@inproceedings{li2020molweni,
	title={Molweni: A Challenge Multiparty Dialogues-based Machine Reading Comprehension Dataset with Discourse Structure},
	author={Li, Jiaqi and Liu, Ming and Kan, Min-Yen and Zheng, Zihao and Wang, Zekun and Lei, Wenqiang and Liu, Ting and Qin, Bing},
	booktitle={Proceedings of the 28th International Conference on Computational Linguistics},
	pages={2642--2652},
	year={2020}
}

@inproceedings{wang2021structure,
	title={A Structure Self-Aware Model for Discourse Parsing on Multi-Party Dialogues.},
	author={Wang, Ante and Song, Linfeng and Jiang, Hui and Lai, Shaopeng and Yao, Junfeng and Zhang, Min and Su, Jinsong},
	booktitle={IJCAI},
	pages={3943--3949},
	year={2021}
}

@inproceedings{zhang2018graph,
	title={Graph Convolution over Pruned Dependency Trees Improves Relation Extraction},
	author={Zhang, Yuhao and Qi, Peng and Manning, Christopher D},
	booktitle={Proceedings of the 2018 Conference on Empirical Methods in Natural Language Processing},
	pages={2205--2215},
	year={2018}
}

@inproceedings{wang-etal-2022-rely,
	title = {Should We Rely on Entity Mentions for Relation Extraction? Debiasing Relation Extraction with Counterfactual Analysis},
	author = {Wang, Yiwei  and
	Chen, Muhao  and
	Zhou, Wenxuan  and
	Cai, Yujun  and
	Liang, Yuxuan  and
	Liu, Dayiheng  and
	Yang, Baosong  and
	Liu, Juncheng  and
	Hooi, Bryan},
	booktitle = {Proceedings of the 2022 Conference of the North American Chapter of the Association for Computational Linguistics: Human Language Technologies},
	year = {2022},
	address = {Seattle, United States},
	publisher = {Association for Computational Linguistics},
	doi = {10.18653/v1/2022.naacl-main.224},
	pages = {3071--3081},
}

@inproceedings{zhang-etal-2017-position,
	title = {Position-aware Attention and Supervised Data Improve Slot Filling},
	author = {Zhang, Yuhao  and
	Zhong, Victor  and
	Chen, Danqi  and
	Angeli, Gabor  and
	Manning, Christopher D.},
	booktitle = {Proceedings of the 2017 Conference on Empirical Methods in Natural Language Processing},
	year = {2017},
	address = {Copenhagen, Denmark},
	publisher = {Association for Computational Linguistics},
	doi = {10.18653/v1/D17-1004},
	pages = {35--45},
}

@inproceedings{yan2022robustness,
	title = {On the Robustness of Reading Comprehension Models to Entity Renaming},
	author = {Yan, Jun  and
	Xiao, Yang  and
	Mukherjee, Sagnik  and
	Lin, Bill Yuchen  and
	Jia, Robin  and
	Ren, Xiang},
	booktitle = {Proceedings of the 2022 Conference of the North American Chapter of the Association for Computational Linguistics: Human Language Technologies},
	year = {2022},
	address = {Seattle, United States},
	publisher = {Association for Computational Linguistics},
	doi = {10.18653/v1/2022.naacl-main.37},
	pages = {508--520},
}

@inproceedings{wang2022measuring,
	title={Measuring and Mitigating Name Biases in Neural Machine Translation},
	author={Wang, Jun and Rubinstein, Benjamin and Cohn, Trevor},
	booktitle={Proceedings of the 60th Annual Meeting of the Association for Computational Linguistics (Volume 1: Long Papers)},
	pages={2576--2590},
	year={2022}
}

@inproceedings{li2017dailydialog,
	title={DailyDialog: A Manually Labelled Multi-turn Dialogue Dataset},
	author={Li, Yanran and Su, Hui and Shen, Xiaoyu and Li, Wenjie and Cao, Ziqiang and Niu, Shuzi},
	booktitle={Proceedings of the Eighth International Joint Conference on Natural Language Processing (Volume 1: Long Papers)},
	pages={986--995},
	year={2017}
}

@inproceedings{khalifa2021bag,
	title={A Bag of Tricks for Dialogue Summarization},
	author={Khalifa, Muhammad and Ballesteros, Miguel and Mckeown, Kathleen},
	booktitle={Proceedings of the 2021 Conference on Empirical Methods in Natural Language Processing},
	pages={8014--8022},
	year={2021}
}

@inproceedings{liu2021controllable,
	title={Controllable Neural Dialogue Summarization with Personal Named Entity Planning},
	author={Liu, Zhengyuan and Chen, Nancy},
	booktitle={Proceedings of the 2021 Conference on Empirical Methods in Natural Language Processing},
	pages={92--106},
	year={2021}
}

@inproceedings{prabhakaran2019perturbation,
	title={Perturbation Sensitivity Analysis to Detect Unintended Model Biases},
	author={Prabhakaran, Vinodkumar and Hutchinson, Ben and Mitchell, Margaret},
	booktitle={Proceedings of the 2019 Conference on Empirical Methods in Natural Language Processing and the 9th International Joint Conference on Natural Language Processing (EMNLP-IJCNLP)},
	pages={5740--5745},
	year={2019}
}

@inproceedings{cui2020mutual,
	title={MuTual: A Dataset for Multi-Turn Dialogue Reasoning},
	author={Cui, Leyang and Wu, Yu and Liu, Shujie and Zhang, Yue and Zhou, Ming},
	booktitle={Proceedings of the 58th Annual Meeting of the Association for Computational Linguistics},
	pages={1406--1416},
	year={2020}
}

@inproceedings{poria2019meld,
	title={MELD: A Multimodal Multi-Party Dataset for Emotion Recognition in Conversations},
	author={Poria, Soujanya and Hazarika, Devamanyu and Majumder, Navonil and Naik, Gautam and Cambria, Erik and Mihalcea, Rada},
	booktitle={Proceedings of the 57th Annual Meeting of the Association for Computational Linguistics},
	pages={527--536},
	year={2019}
}

@article{kim2019eighth,
	title={The eighth dialog system technology challenge},
	author={Kim, Seokhwan and Galley, Michel and Gunasekara, Chulaka and Lee, Sungjin and Atkinson, Adam and Peng, Baolin and Schulz, Hannes and Gao, Jianfeng and Li, Jinchao and Adada, Mahmoud and others},
	journal={arXiv preprint arXiv:1911.06394},
	year={2019}
}

@inproceedings{chen2021dialogsum,
	title={DialogSum: A Real-Life Scenario Dialogue Summarization Dataset},
	author={Chen, Yulong and Liu, Yang and Chen, Liang and Zhang, Yue},
	booktitle={Findings of the Association for Computational Linguistics: ACL-IJCNLP 2021},
	pages={5062--5074},
	year={2021}
}

@inproceedings{gliwa2019samsum,
	title={SAMSum Corpus: A Human-annotated Dialogue Dataset for Abstractive Summarization},
	author={Gliwa, Bogdan and Mochol, Iwona and Biesek, Maciej and Wawer, Aleksander},
	booktitle={Proceedings of the 2nd Workshop on New Frontiers in Summarization},
	pages={70--79},
	year={2019}
}

@inproceedings{lin2004rouge,
	title={Rouge: A package for automatic evaluation of summaries},
	author={Lin, Chin-Yew},
	booktitle={Text summarization branches out},
	pages={74--81},
	year={2004}
}

@inproceedings{zhang2019bertscore,
	title={BERTScore: Evaluating Text Generation with BERT},
	author={Zhang, Tianyi and Kishore, Varsha and Wu, Felix and Weinberger, Kilian Q and Artzi, Yoav},
	booktitle={Proceedings of the 8th International Conference on Learning Representations},
	year={2019}
}

@inproceedings{papineni2002bleu,
	title={Bleu: a method for automatic evaluation of machine translation},
	author={Papineni, Kishore and Roukos, Salim and Ward, Todd and Zhu, Wei-Jing},
	booktitle={Proceedings of the 40th Annual Meeting of the Association for Computational Linguistics},
	pages={311--318},
	year={2002},
	doi       = {10.3115/1073083.1073135}
}

@article{tzioumis2018demographic,
	title={Demographic aspects of first names},
	author={Tzioumis, Konstantinos},
	journal={Scientific data},
	volume={5},
	number={1},
	pages={1--9},
	year={2018},
	publisher={Nature Publishing Group}
}

@article{bertrand2004emily,
	title={Are Emily and Greg more employable than Lakisha and Jamal? A field experiment on labor market discrimination},
	author={Bertrand, Marianne and Mullainathan, Sendhil},
	journal={American economic review},
	volume={94},
	number={4},
	pages={991--1013},
	year={2004}
}

@article{girma2020black,
	title={Black names, immigrant names: Navigating race and ethnicity through personal names},
	author={Girma, Hewan},
	journal={Journal of Black Studies},
	volume={51},
	number={1},
	pages={16--36},
	year={2020},
	publisher={SAGE Publications Sage CA: Los Angeles, CA}
}

@article{romanov2019s,
	title={What's in a name? Reducing bias in bios without access to protected attributes},
	author={Romanov, Alexey and De-Arteaga, Maria and Wallach, Hanna and Chayes, Jennifer and Borgs, Christian and Chouldechova, Alexandra and Geyik, Sahin and Kenthapadi, Krishnaram and Rumshisky, Anna and Kalai, Adam Tauman},
	journal={arXiv preprint arXiv:1904.05233},
	year={2019}
}