% Use this file for citations not found in the ACL Anthology (contained in "anthology.bib").
@inproceedings{ide2021rescue,
  title={Rescue Dog Action Recognition by Integrating Ego-Centric Video, Sound and Sensor Information},
  author={Ide, Yuta and Araki, Tsuyohito and Hamada, Ryunosuke and Ohno, Kazunori and Yanai, Keiji},
  booktitle={International Conference on Pattern Recognition},
  pages={321--333},
  year={2021},
  organization={Springer}
}

@inproceedings{ehsani2018let,
  title={Who let the dogs out? modeling dog behavior from visual data},
  author={Ehsani, Kiana and Bagherinezhad, Hessam and Redmon, Joseph and Mottaghi, Roozbeh and Farhadi, Ali},
  booktitle={Proceedings of the IEEE Conference on Computer Vision and Pattern Recognition},
  pages={4051--4060},
  year={2018}
}

@article{molnar2008classification,
  title={Classification of dog barks: a machine learning approach},
  author={Moln{\'a}r, Csaba and Kaplan, Fr{\'e}d{\'e}ric and Roy, Pierre and Pachet, Fran{\c{c}}ois and Pongr{\'a}cz, P{\'e}ter and D{\'o}ka, Antal and Mikl{\'o}si, {\'A}d{\'a}m},
  journal={Animal Cognition},
  volume={11},
  number={3},
  pages={389--400},
  year={2008},
  publisher={Springer}
}

@inproceedings{hantke2018my,
  title={What is my dog trying to tell me? The automatic recognition of the context and perceived emotion of dog barks},
  author={Hantke, Simone and Cummins, Nicholas and Schuller, Bjorn},
  booktitle={2018 IEEE International Conference on Acoustics, Speech and Signal Processing (ICASSP)},
  pages={5134--5138},
  year={2018},
  organization={IEEE}
}


@article{kong2020panns,
  title={Panns: Large-scale pretrained audio neural networks for audio pattern recognition},
  author={Kong, Qiuqiang and Cao, Yin and Iqbal, Turab and Wang, Yuxuan and Wang, Wenwu and Plumbley, Mark D},
  journal={IEEE/ACM Transactions on Audio, Speech, and Language Processing},
  volume={28},
  pages={2880--2894},
  year={2020},
  publisher={IEEE}
}

@inproceedings{hershey2021benefit,
  title={The benefit of temporally-strong labels in audio event classification},
  author={Hershey, Shawn and Ellis, Daniel PW and Fonseca, Eduardo and Jansen, Aren and Liu, Caroline and Moore, R Channing and Plakal, Manoj},
  booktitle={ICASSP 2021-2021 IEEE International Conference on Acoustics, Speech and Signal Processing (ICASSP)},
  pages={366--370},
  year={2021},
  organization={IEEE}
}

@article{boersma2001speak,
  title={Speak and unSpeak with PRAAT},
  author={Boersma, Paul and Van Heuven, Vincent},
  journal={Glot International},
  volume={5},
  number={9/10},
  pages={341--347},
  year={2001}
}

@inproceedings{gemmeke2017audio,
  title={Audio set: An ontology and human-labeled dataset for audio events},
  author={Gemmeke, Jort F and Ellis, Daniel PW and Freedman, Dylan and Jansen, Aren and Lawrence, Wade and Moore, R Channing and Plakal, Manoj and Ritter, Marvin},
  booktitle={2017 IEEE international conference on acoustics, speech and signal processing (ICASSP)},
  pages={776--780},
  year={2017},
  organization={IEEE}
}

@book{Aho:72,
    author  = {Alfred V. Aho and Jeffrey D. Ullman},
    title   = {The Theory of Parsing, Translation and Compiling},
    year    = "1972",
    volume  = "1",
    publisher = {Prentice-Hall},
    address = {Englewood Cliffs, NJ}
}

@book{APA:83,
    author  = {{American Psychological Association}},
    title   = {Publications Manual},
    year    = "1983",
    publisher = {American Psychological Association},
    address = {Washington, DC}
}

@article{Chandra:81,
	author = {Ashok K. Chandra and Dexter C. Kozen and Larry J. Stockmeyer},
	year = "1981",
	title = {Alternation},
	journal = {Journal of the Association for Computing Machinery},
	volume = "28",
	number = "1",
	pages = "114--133",
	doi = "10.1145/322234.322243",
}

@book{international1999handbook,
  title={Handbook of the International Phonetic Association: A guide to the use of the International Phonetic Alphabet},
  author={International Phonetic Association},
  year={1999},
  publisher={Cambridge University Press}
}


@article{rasanen2018pre,
  title={Pre-linguistic segmentation of speech into syllable-like units},
  author={R{\"a}s{\"a}nen, Okko and Doyle, Gabriel and Frank, Michael C},
  journal={Cognition},
  volume={171},
  pages={130--150},
  year={2018},
  publisher={Elsevier}
}

@article{von2007tutorial,
  title={A tutorial on spectral clustering},
  author={Von Luxburg, Ulrike},
  journal={Statistics and computing},
  volume={17},
  number={4},
  pages={395--416},
  year={2007},
  publisher={Springer}
}

%filterbank
@book{strang1996wavelets,
	title={Wavelets and filter banks},
	author={Strang, Gilbert and Nguyen, Truong},
	year={1996},
	publisher={SIAM}
}

@article{pongracz2017modeling,
	title={Modeling evolutionary changes in information transfer: Effects of domestication on the vocal communication of dogs (Canis familiaris).},
	author={Pongr{\'a}cz, P{\'e}ter},
	journal={European Psychologist},
	volume={22},
	number={4},
	pages={219},
	year={2017},
	publisher={Hogrefe Publishing}
}


@article{viswanathan2005measuring,
  title={Measuring speech quality for text-to-speech systems: development and assessment of a modified mean opinion score (MOS) scale},
  author={Viswanathan, Mahesh and Viswanathan, Madhubalan},
  journal={Computer speech \& language},
  volume={19},
  number={1},
  pages={55--83},
  year={2005},
  publisher={Elsevier}
}

@article{paladini2020bark,
  title={The bark and its meanings in inter and intra-specific language},
  author={Paladini, Aleida},
  journal={Dog behavior},
  volume={6},
  number={1},
  pages={21--30},
  year={2020}
}




@article{larranaga2015comparing,
  title={Comparing supervised learning methods for classifying sex, age, context and individual Mudi dogs from barking},
  author={Larranaga, Ana and Bielza, Concha and Pongr{\'a}cz, P{\'e}ter and Farag{\'o}, Tam{\'a}s and B{\'a}lint, Anna and Larranaga, Pedro},
  journal={Animal cognition},
  volume={18},
  number={2},
  pages={405--421},
  year={2015},
  publisher={Springer}
}



@inproceedings{parkhi2012cats,
  title={Cats and dogs},
  author={Parkhi, Omkar M and Vedaldi, Andrea and Zisserman, Andrew and Jawahar, CV},
  booktitle={2012 IEEE conference on computer vision and pattern recognition},
  pages={3498--3505},
  year={2012},
  organization={IEEE}
}


@inproceedings{iwashita2014first,
  title={First-person animal activity recognition from egocentric videos},
  author={Iwashita, Yumi and Takamine, Asamichi and Kurazume, Ryo and Ryoo, Michael S},
  booktitle={2014 22nd International Conference on Pattern Recognition},
  pages={4310--4315},
  year={2014},
  organization={IEEE}
}

@article{abu2016youtube,
  title={Youtube-8m: A large-scale video classification benchmark},
  author={Abu-El-Haija, Sami and Kothari, Nisarg and Lee, Joonseok and Natsev, Paul and Toderici, George and Varadarajan, Balakrishnan and Vijayanarasimhan, Sudheendra},
  journal={arXiv preprint arXiv:1609.08675},
  year={2016}
}



@book{yule2022study,
  title={The study of language},
  author={Yule, George},
  year={2022},
  publisher={Cambridge university press}
}

@article{hockett1959animal,
  title={Animal" languages" and human language},
  author={Hockett, Charles F},
  journal={Human Biology},
  volume={31},
  number={1},
  pages={32--39},
  year={1959},
  publisher={JSTOR}
}


@book{radick2007simian,
  title={The simian tongue: the long debate about animal language},
  author={Radick, Gregory},
  year={2007},
  publisher={University of Chicago Press}
}


@article{rohrmeier2015principles,
  title={Principles of structure building in music, language and animal song},
  author={Rohrmeier, Martin and Zuidema, Willem and Wiggins, Geraint A and Scharff, Constance},
  journal={Philosophical transactions of the Royal Society B: Biological sciences},
  volume={370},
  number={1664},
  pages={20140097},
  year={2015},
  publisher={The Royal Society}
}




@article{von1974yerkish,
  title={The Yerkish language for non-human primates},
  author={Von Glasersfeld, Ernst},
  journal={American Journal of Computational Linguistics},
  year={1974}
}
























@inproceedings{andrew2007scalable,
  title={Scalable training of {$L_1$}-regularized log-linear models},
  author={Andrew, Galen and Gao, Jianfeng},
  booktitle={Proceedings of the 24th International Conference on Machine Learning},
  pages={33--40},
  year={2007},
  url={https://dl.acm.org/doi/abs/10.1145/1273496.1273501}
}

@book{Gusfield:97,
    author  = {Dan Gusfield},
    title   = {Algorithms on Strings, Trees and Sequences},
    year    = "1997",
    publisher = {Cambridge University Press},
    address = {Cambridge, UK},
    url={https://www.cambridge.org/core/books/algorithms-on-strings-trees-and-sequences/F0B095049C7E6EF5356F0A26686C20D3}
}

@article{rasooli-tetrault-2015,
    author    = {Mohammad Sadegh Rasooli and Joel R. Tetreault},
    title     = {Yara Parser: {A} Fast and Accurate Dependency Parser},
    journal   = {Computing Research Repository},
    volume    = {arXiv:1503.06733},
    year      = {2015},
    url       = {http://arxiv.org/abs/1503.06733},
    note    = {version 2}
}

@article{Ando2005,
	Acmid = {1194905},
	Author = {Ando, Rie Kubota and Zhang, Tong},
	Issn = {1532-4435},
	Issue_Date = {12/1/2005},
	Journal = {Journal of Machine Learning Research},
	Month = dec,
	Numpages = {37},
	Pages = {1817--1853},
	Publisher = {JMLR.org},
	Title = {A Framework for Learning Predictive Structures from Multiple Tasks and Unlabeled Data},
	Volume = {6},
	Year = {2005},
	url={https://www.jmlr.org/papers/volume6/ando05a/ando05a.pdf}
}

@article{ct1965,
  title={An algorithm for the machine calculation of complex {F}ourier series},
  author={Cooley, James W. and Tukey, John W.},
  journal={Mathematics of Computation},
  volume={19},
  number={90},
  pages={297--301},
  year={1965},
  url={https://www.ams.org/journals/mcom/1965-19-090/S0025-5718-1965-0178586-1/S0025-5718-1965-0178586-1.pdf}
}

@article{kilicc2015kappa,
  title={Kappa testi.},
  author={K{\i}l{\i}{\c{c}}, Selim},
  journal={Journal of Mood Disorders},
  volume={5},
  number={3},
  year={2015}
}