@inproceedings{wang2019task,
  title={A task in a suit and a tie: paraphrase generation with semantic augmentation},
  author={Wang, Su and Gupta, Rahul and Chang, Nancy and Baldridge, Jason},
  booktitle={Proceedings of the AAAI Conference on Artificial Intelligence},
  volume={33},
  pages={7176--7183},
  year={2019}
}

@article{li2019decomposable,
  title={Decomposable Neural Paraphrase Generation},
  author={Li, Zichao and Jiang, Xin and Shang, Lifeng and Liu, Qun},
  journal={arXiv preprint arXiv:1906.09741},
  year={2019}
}

@inproceedings{gupta2018deep,
  title={A deep generative framework for paraphrase generation},
  author={Gupta, Ankush and Agarwal, Arvind and Singh, Prawaan and Rai, Piyush},
  booktitle={Thirty-Second AAAI Conference on Artificial Intelligence},
  year={2018}
}

@article{prakash2016neural,
  title={Neural paraphrase generation with stacked residual lstm networks},
  author={Prakash, Aaditya and Hasan, Sadid A and Lee, Kathy and Datla, Vivek and Qadir, Ashequl and Liu, Joey and Farri, Oladimeji},
  journal={arXiv preprint arXiv:1610.03098},
  year={2016}
}

@inproceedings{fader2013paraphrase,
  title={Paraphrase-driven learning for open question answering},
  author={Fader, Anthony and Zettlemoyer, Luke and Etzioni, Oren},
  booktitle={Proceedings of the 51st Annual Meeting of the Association for Computational Linguistics (Volume 1: Long Papers)},
  pages={1608--1618},
  year={2013}
}

@inproceedings{lin2014microsoft,
  title={Microsoft coco: Common objects in context},
  author={Lin, Tsung-Yi and Maire, Michael and Belongie, Serge and Hays, James and Perona, Pietro and Ramanan, Deva and Doll{\'a}r, Piotr and Zitnick, C Lawrence},
  booktitle={European conference on computer vision},
  pages={740--755},
  year={2014},
  organization={Springer}
}

@article{lan2017continuously,
  title={A continuously growing dataset of sentential paraphrases},
  author={Lan, Wuwei and Qiu, Siyu and He, Hua and Xu, Wei},
  journal={arXiv preprint arXiv:1708.00391},
  year={2017}
}

@inproceedings{ganitkevitch2013ppdb,
  title={PPDB: The paraphrase database},
  author={Ganitkevitch, Juri and Van Durme, Benjamin and Callison-Burch, Chris},
  booktitle={Proceedings of the 2013 Conference of the North American Chapter of the Association for Computational Linguistics: Human Language Technologies},
  pages={758--764},
  year={2013}
}

@article{wieting2017paranmt,
  title={Paranmt-50m: Pushing the limits of paraphrastic sentence embeddings with millions of machine translations},
  author={Wieting, John and Gimpel, Kevin},
  journal={arXiv preprint arXiv:1711.05732},
  year={2017}
}

@article{liberman2002emotional,
  title={Emotional prosody speech and transcripts},
  author={Liberman, Mark},
  journal={http://www. ldc. upenn. edu/Catalog/CatalogEntry. jsp? catalogId= LDC2002S28},
  year={2002}
}

@book{huang2002multiple,
  title={Multiple-translation Chinese corpus},
  author={Huang, Shudong and Graff, David and Doddington, George},
  year={2002},
  publisher={Linguistic Data Consortium, University of Pennsylvania}
}

@article{mckeown1983paraphrasing,
  title={Paraphrasing questions using given and new information},
  author={McKeown, Kathleen R},
  journal={Computational Linguistics},
  volume={9},
  number={1},
  pages={1--10},
  year={1983},
  publisher={MIT Press}
}

@inproceedings{kozlowski2003generation,
  title={Generation of single-sentence paraphrases from predicate/argument structure using lexico-grammatical resources},
  author={Kozlowski, Raymond and McCoy, Kathleen F and Vijay-Shanker, K},
  booktitle={Proceedings of the second international workshop on Paraphrasing-Volume 16},
  pages={1--8},
  year={2003},
  organization={Association for Computational Linguistics}
}

@inproceedings{ellsworth2007mutaphrase,
  title={Mutaphrase: Paraphrasing with framenet},
  author={Ellsworth, Michael and Janin, Adam},
  booktitle={Proceedings of the ACL-PASCAL Workshop on Textual Entailment and Paraphrasing},
  pages={143--150},
  year={2007},
  organization={Association for Computational Linguistics}
}

@inproceedings{zhao2009application,
  title={Application-driven statistical paraphrase generation},
  author={Zhao, Shiqi and Lan, Xiang and Liu, Ting and Li, Sheng},
  booktitle={Proceedings of the Joint Conference of the 47th Annual Meeting of the ACL and the 4th International Joint Conference on Natural Language Processing of the AFNLP: Volume 2-Volume 2},
  pages={834--842},
  year={2009},
  organization={Association for Computational Linguistics}
}

@article{kingma2013auto,
  title={Auto-encoding variational bayes},
  author={Kingma, Diederik P and Welling, Max},
  journal={arXiv preprint arXiv:1312.6114},
  year={2013}
}

@inproceedings{vaswani2017attention,
  title={Attention is all you need},
  author={Vaswani, Ashish and Shazeer, Noam and Parmar, Niki and Uszkoreit, Jakob and Jones, Llion and Gomez, Aidan N and Kaiser, {\L}ukasz and Polosukhin, Illia},
  booktitle={Advances in neural information processing systems},
  pages={5998--6008},
  year={2017}
}

@inproceedings{miao2019cgmh,
  title={Cgmh: Constrained sentence generation by metropolis-hastings sampling},
  author={Miao, Ning and Zhou, Hao and Mou, Lili and Yan, Rui and Li, Lei},
  booktitle={Proceedings of the AAAI Conference on Artificial Intelligence},
  volume={33},
  pages={6834--6842},
  year={2019}
}

@article{liu2019unsupervised,
  title={Unsupervised Paraphrasing by Simulated Annealing},
  author={Liu, Xianggen and Mou, Lili and Meng, Fandong and Zhou, Hao and Zhou, Jie and Song, Sen},
  journal={arXiv preprint arXiv:1909.03588},
  year={2019}
}

@inproceedings{quirk2004monolingual,
  title={Monolingual machine translation for paraphrase generation},
  author={Quirk, Chris and Brockett, Chris and Dolan, William},
  booktitle={Proceedings of the 2004 conference on empirical methods in natural language processing},
  pages={142--149},
  year={2004}
}

@inproceedings{zhao2008combining,
  title={Combining multiple resources to improve SMT-based paraphrasing model},
  author={Zhao, Shiqi and Niu, Cheng and Zhou, Ming and Liu, Ting and Li, Sheng},
  booktitle={Proceedings of ACL-08: HLT},
  pages={1021--1029},
  year={2008}
}

@article{sennrich2015improving,
  title={Improving neural machine translation models with monolingual data},
  author={Sennrich, Rico and Haddow, Barry and Birch, Alexandra},
  journal={arXiv preprint arXiv:1511.06709},
  year={2015}
}

@article{hu2019parabank,
  title={ParaBank: Monolingual bitext generation and sentential paraphrasing via lexically-constrained neural machine translation},
  author={Hu, J Edward and Rudinger, Rachel and Post, Matt and Van Durme, Benjamin},
  journal={arXiv preprint arXiv:1901.03644},
  year={2019}
}

@inproceedings{hu2019improved,
  title={Improved Lexically Constrained Decoding for Translation and Monolingual Rewriting},
  author={Hu, J Edward and Khayrallah, Huda and Culkin, Ryan and Xia, Patrick and Chen, Tongfei and Post, Matt and Van Durme, Benjamin},
  booktitle={Proceedings of the 2019 Conference of the North American Chapter of the Association for Computational Linguistics: Human Language Technologies, Volume 1 (Long and Short Papers)},
  pages={839--850},
  year={2019}
}

@article{gulcehre2015using,
  title={On using monolingual corpora in neural machine translation},
  author={Gulcehre, Caglar and Firat, Orhan and Xu, Kelvin and Cho, Kyunghyun and Barrault, Loic and Lin, Huei-Chi and Bougares, Fethi and Schwenk, Holger and Bengio, Yoshua},
  journal={arXiv preprint arXiv:1503.03535},
  year={2015}
}

@inproceedings{domhan2017using,
  title={Using target-side monolingual data for neural machine translation through multi-task learning},
  author={Domhan, Tobias and Hieber, Felix},
  booktitle={Proceedings of the 2017 Conference on Empirical Methods in Natural Language Processing},
  pages={1500--1505},
  year={2017}
}

@article{miller1995wordnet,
  title={WordNet: a lexical database for English},
  author={Miller, George A},
  journal={Communications of the ACM},
  volume={38},
  number={11},
  pages={39--41},
  year={1995},
  publisher={ACM}
}

@article{see2017get,
  title={Get to the point: Summarization with pointer-generator networks},
  author={See, Abigail and Liu, Peter J and Manning, Christopher D},
  journal={arXiv preprint arXiv:1704.04368},
  year={2017}
}

@inproceedings{sun2012joint,
  title={Joint learning of a dual SMT system for paraphrase generation},
  author={Sun, Hong and Zhou, Ming},
  booktitle={Proceedings of the 50th Annual Meeting of the Association for Computational Linguistics: Short Papers-Volume 2},
  pages={38--42},
  year={2012},
  organization={Association for Computational Linguistics}
}

@inproceedings{papineni2002bleu,
  title={BLEU: a method for automatic evaluation of machine translation},
  author={Papineni, Kishore and Roukos, Salim and Ward, Todd and Zhu, Wei-Jing},
  booktitle={Proceedings of the 40th annual meeting on association for computational linguistics},
  pages={311--318},
  year={2002},
  organization={Association for Computational Linguistics}
}

@inproceedings{lin2004rouge,
  title={Rouge: A package for automatic evaluation of summaries},
  author={Lin, Chin-Yew},
  booktitle={Text summarization branches out},
  pages={74--81},
  year={2004}
}

@inproceedings{ziemski2016united,
  title={The united nations parallel corpus v1. 0},
  author={Ziemski, Micha{\l} and Junczys-Dowmunt, Marcin and Pouliquen, Bruno},
  booktitle={Proceedings of the Tenth International Conference on Language Resources and Evaluation (LREC'16)},
  pages={3530--3534},
  year={2016}
}

@inproceedings{tiedemann2012parallel,
  title={Parallel Data, Tools and Interfaces in OPUS.},
  author={Tiedemann, J{\"o}rg},
  booktitle={Lrec},
  volume={2012},
  pages={2214--2218},
  year={2012}
}

@article{sennrich2016edinburgh,
  title={Edinburgh neural machine translation systems for wmt 16},
  author={Sennrich, Rico and Haddow, Barry and Birch, Alexandra},
  journal={arXiv preprint arXiv:1606.02891},
  year={2016}
}

@inproceedings{koehn2005europarl,
  title={Europarl: A parallel corpus for statistical machine translation},
  author={Koehn, Philipp},
  booktitle={MT summit},
  volume={5},
  pages={79--86},
  year={2005},
  organization={Citeseer}
}

@article{edunov2018understanding,
  title={Understanding back-translation at scale},
  author={Edunov, Sergey and Ott, Myle and Auli, Michael and Grangier, David},
  journal={arXiv preprint arXiv:1808.09381},
  year={2018}
}

@inproceedings{fu2019paraphrase,
  title={Paraphrase Generation with Latent Bag of Words},
  author={Fu, Yao and Feng, Yansong and Cunningham, John P},
  booktitle={Advances in Neural Information Processing Systems},
  pages={13623--13634},
  year={2019}
}

@inproceedings{pennington2014glove,
  title={Glove: Global vectors for word representation},
  author={Pennington, Jeffrey and Socher, Richard and Manning, Christopher},
  booktitle={Proceedings of the 2014 conference on empirical methods in natural language processing (EMNLP)},
  pages={1532--1543},
  year={2014}
}

@inproceedings{mihalcea2004textrank,
  title={Textrank: Bringing order into text},
  author={Mihalcea, Rada and Tarau, Paul},
  booktitle={Proceedings of the 2004 conference on empirical methods in natural language processing},
  pages={404--411},
  year={2004}
}

@inproceedings{denoisingAE,
author = {Vincent, Pascal and Larochelle, Hugo and Bengio, Yoshua and Manzagol, Pierre-Antoine},
title = {Extracting and Composing Robust Features with Denoising Autoencoders},
year = {2008},
isbn = {9781605582054},
publisher = {Association for Computing Machinery},
address = {New York, NY, USA},
url = {https://doi.org/10.1145/1390156.1390294},
doi = {10.1145/1390156.1390294},
numpages = {8},
location = {Helsinki, Finland},
series = {ICML '08}
}

@inproceedings{pup2020,
author = {Siddique, A. B. and Oymak, Samet and Hristidis, Vagelis},
title = {Unsupervised Paraphrasing via Deep Reinforcement Learning},
year = {2020},
isbn = {9781450379984},
publisher = {Association for Computing Machinery},
address = {New York, NY, USA},
url = {https://doi.org/10.1145/3394486.3403231},
doi = {10.1145/3394486.3403231},
pages = {1800–1809},
numpages = {10},
keywords = {unsupervised paraphrasing, deep reinforcement learning, natural language processing, natural language generation},
location = {Virtual Event, CA, USA},
series = {KDD '20}
}