% Encoding: UTF-8

@Article{Nadeau2007,
  title={A survey of named entity recognition and classification},
  author={Nadeau, David and Sekine, Satoshi},
  journal={Lingvisticae Investigationes},
  volume={30},
  number={1},
  pages={3--26},
  year={2007},
  publisher={John Benjamins publishing company}
}

@InProceedings{Xu2017,
  author    = {Mingbin Xu and Hui Jiang and Sedtawut Watcharawittayakul},
  title     = {A Local Detection Approach for Named Entity Recognition and Mention Detection},
  booktitle = {Proceedings of the 55th Annual Meeting of the Association for Computational Linguistics, {ACL} 2017, Vancouver, Canada, July 30 - August 4, Volume 1: Long Papers},
  editor    = {Regina Barzilay and Min{-}Yen Kan},
  pages     = {1237--1247},
  date      = {2017}
}

@article{tieleman2012lecture,
  title={Lecture 6.5-rmsprop: Divide the gradient by a running average of its recent magnitude},
  author={Tieleman, Tijmen and Hinton, Geoffrey},
  journal={COURSERA: Neural networks for machine learning},
  volume={4},
  number={2},
  pages={26--31},
  year={2012}
}

@article{pyysalo2007bioinfer,
  title={BioInfer: a corpus for information extraction in the biomedical domain},
  author={Pyysalo, Sampo and Ginter, Filip and Heimonen, Juho and Bj{\"o}rne, Jari and Boberg, Jorma and J{\"a}rvinen, Jouni and Salakoski, Tapio},
  journal={BMC bioinformatics},
  volume={8},
  number={1},
  pages={50},
  year={2007},
  publisher={BioMed Central}
}

@inproceedings{ling2012fine,
  author    = {Xiao Ling and
               Daniel S. Weld},
  title     = {Fine-Grained Entity Recognition},
  booktitle = {Proceedings of the Twenty-Sixth {AAAI} Conference on Artificial Intelligence,
               July 22-26, 2012, Toronto, Ontario, Canada.},
  year      = {2012},
  timestamp = {Thu, 31 Jul 2014 11:17:14 +0200},
  biburl    = {http://dblp.org/rec/bib/conf/aaai/LingW12},
  bibsource = {dblp computer science bibliography, http://dblp.org}
}


@inproceedings{zhou2002named,
  title={Named entity recognition using an HMM-based chunk tagger},
  author={Zhou, GuoDong and Su, Jian},
  booktitle={proceedings of the 40th Annual Meeting on Association for Computational Linguistics},
  pages={473--480},
  year={2002},
  organization={Association for Computational Linguistics}
}

@Article{Chiu2016,
  author       = {Jason P. C. Chiu and Eric Nichols},
  title        = {Named Entity Recognition with Bidirectional LSTM-CNNs},
  volume       = {4},
  pages        = {357--370},
  date         = {2016},
  journaltitle = {{TACL}}
}

@InProceedings{Ma2016,
  author    = {Xuezhe Ma and Eduard H. Hovy},
  title     = {End-to-end Sequence Labeling via Bi-directional LSTM-CNNs-CRF},
  booktitle = {Proceedings of the 54th Annual Meeting of the Association for Computational Linguistics, {ACL} 2016, August 7-12, 2016, Berlin, Germany, Volume 1: Long Papers},
  publisher = {The Association for Computer Linguistics},
  year      = {2016}
}


@Inproceedings{Zheng2017,
  author    = {Suncong Zheng and
               Feng Wang and
               Hongyun Bao and
               Yuexing Hao and
               Peng Zhou and
               Bo Xu},
  title     = {Joint Extraction of Entities and Relations Based on a Novel Tagging
               Scheme},
  booktitle = {Proceedings of the 55th Annual Meeting of the Association for Computational
               Linguistics, {ACL} 2017, Vancouver, Canada, July 30 - August 4, Volume
               1: Long Papers},
  pages     = {1227--1236},
  year      = {2017},
  timestamp = {Fri, 04 Aug 2017 16:38:24 +0200},
  biburl    = {http://dblp.org/rec/bib/conf/acl/ZhengWBHZX17},
  bibsource = {dblp computer science bibliography, http://dblp.org}
}

@InProceedings{Katiyar2017,
  title={Going out on a limb: Joint Extraction of Entity Mentions and Relations without Dependency Trees},
  author={Katiyar, Arzoo and Cardie, Claire},
  booktitle={Proceedings of the 55th Annual Meeting of the Association for Computational Linguistics (Volume 1: Long Papers)},
  volume={1},
  pages={917--928},
  year={2017}
}

@InProceedings{Miwa2016,
  title={End-to-end relation extraction using lstms on sequences and tree structures},
  author={Miwa, Makoto and Bansal, Mohit},
  journal={arXiv preprint arXiv:1601.00770},
  year={2016}
}

@InProceedings{Ren2017,
  title={CoType: Joint extraction of typed entities and relations with knowledge bases},
  author={Ren, Xiang and Wu, Zeqiu and He, Wenqi and Qu, Meng and Voss, Clare R and Ji, Heng and Abdelzaher, Tarek F and Han, Jiawei},
  booktitle={Proceedings of the 26th International Conference on World Wide Web},
  pages={1015--1024},
  year={2017},
  organization={International World Wide Web Conferences Steering Committee}
}

@InProceedings{Hashimoto2017,
  author        = {Kazuma Hashimoto and Caiming Xiong and Yoshimasa Tsuruoka and Richard Socher},
  title         = {A Joint Many-Task Model: Growing a Neural Network for Multiple {NLP} Tasks},
  booktitle     = {Proceedings of the 2017 Conference on Empirical Methods in Natural Language Processing, {EMNLP} 2017, Copenhagen, Denmark, September 9-11, 2017},
  editor        = {Martha Palmer and Rebecca Hwa and Sebastian Riedel},
  pages         = {446--456},
  publisher     = {Association for Computational Linguistics},
  date          = {2017}
}

@Article{Ruder2017,
  author        = {Sebastian Ruder},
  title         = {An Overview of Multi-Task Learning in Deep Neural Networks},
  volume        = {abs/1706.05098},
  date          = {2017},
  journaltitle  = {CoRR},
  url           = {http://arxiv.org/abs/1706.05098}
}

@Article{Kumar2017,
  author       = {Shantanu Kumar},
  title        = {A Survey of Deep Learning Methods for Relation Extraction},
  volume       = {abs/1705.03645},
  date         = {2017},
  journaltitle = {CoRR},
  url          = {http://arxiv.org/abs/1705.03645}
}

@InProceedings{Chen2017,
  author       = {Shang{-}Fu Chen and Yi{-}Chen Chen and Chih{-}Kuan Yeh and Yu{-}Chiang Frank Wang},
  title        = {Order-Free {RNN} with Visual Attention for Multi-Label Classification},
  booktitle    = {None},
  volume       = {abs/1707.05495},
  date         = {2017},
  url          = {http://arxiv.org/abs/1707.05495}
}

@InProceedings{Vinyals2015,
  author    = {Oriol Vinyals and Meire Fortunato and Navdeep Jaitly},
  title     = {Pointer Networks},
  booktitle = {Advances in Neural Information Processing Systems 28: Annual Conference on Neural Information Processing Systems 2015, December 7-12, 2015, Montreal, Quebec, Canada},
  editor    = {Corinna Cortes and Neil D. Lawrence and Daniel D. Lee and Masashi Sugiyama and Roman Garnett},
  pages     = {2692--2700},
  date      = {2015}
}

@InProceedings{Kim2010,
  author    = {Seyoung Kim and Eric P. Xing},
  title     = {Tree-Guided Group Lasso for Multi-Task Regression with Structured Sparsity},
  booktitle = {Proceedings of the 27th International Conference on Machine Learning (ICML-10), June 21-24, 2010, Haifa, Israel},
  editor    = {Johannes F{\"{u}}rnkranz and Thorsten Joachims},
  pages     = {543--550},
  publisher = {Omnipress},
  date      = {2010}
}

@Article{Caruana1997,
  author       = {Rich Caruana},
  title        = {Multitask Learning},
  volume       = {28},
  number       = {1},
  pages        = {41--75},
  date         = {1997},
  journaltitle = {Machine Learning}
}

@InProceedings{Collobert2008,
  author    = {Ronan Collobert and Jason Weston},
  title     = {A unified architecture for natural language processing: deep neural networks with multitask learning},
  booktitle = {ICML},
  volume    = {307},
  series    = {{ACM} International Conference Proceeding Series},
  pages     = {160--167},
  publisher = {{ACM}}
}

@InProceedings{Deng2013,
  author    = {Li Deng and Geoffrey E. Hinton and Brian Kingsbury},
  title     = {New types of deep neural network learning for speech recognition and related applications: an overview},
  booktitle = {{IEEE} International Conference on Acoustics, Speech and Signal Processing, {ICASSP} 2013, Vancouver, BC, Canada, May 26-31, 2013},
  pages     = {8599--8603},
  publisher = {{IEEE}},
  date      = {2013}
}

@InProceedings{Girshick2015,
  author    = {Ross B. Girshick},
  title     = {Fast {R-CNN}},
  booktitle = {2015 {IEEE} International Conference on Computer Vision, {ICCV} 2015, Santiago, Chile, December 7-13, 2015},
  pages     = {1440--1448},
  publisher = {{IEEE} Computer Society},
  date      = {2015}
}

@Article{Ramsundar2015,
  author       = {Bharath Ramsundar and Steven M. Kearnes and Patrick Riley and Dale Webster and David E. Konerding and Vijay S. Pande},
  title        = {Massively Multitask Networks for Drug Discovery},
  volume       = {abs/1502.02072},
  date         = {2015},
  journaltitle = {CoRR},
  url          = {http://arxiv.org/abs/1502.02072}
}

@Article{Long2015,
  author       = {Mingsheng Long and Jianmin Wang},
  title        = {Learning Multiple Tasks with Deep Relationship Networks},
  volume       = {abs/1506.02117},
  year         = {2015},
  eprint       = {1506.02117},
  eprinttype   = {arXiv}
}

@InProceedings{Misra2016,
  author    = {Ishan Misra and Abhinav Shrivastava and Abhinav Gupta and Martial Hebert},
  title     = {Cross-Stitch Networks for Multi-task Learning},
  booktitle = {2016 {IEEE} Conference on Computer Vision and Pattern Recognition, {CVPR} 2016, Las Vegas, NV, USA, June 27-30, 2016},
  pages     = {3994--4003},
  publisher = {{IEEE} Computer Society},
  year      = {2016},
  doi       = {10.1109/CVPR.2016.433}
}

@Article{Kendall2017,
  author       = {Alex Kendall and Yarin Gal and Roberto Cipolla},
  title        = {Multi-Task Learning Using Uncertainty to Weigh Losses for Scene Geometry and Semantics},
  volume       = {abs/1705.07115},
  year         = {2017},
  eprint       = {1705.07115},
  eprinttype   = {arXiv}
}

@Article{Yang2016,
  author       = {Yongxin Yang and Timothy M. Hospedales},
  title        = {Deep Multi-task Representation Learning: {A} Tensor Factorisation Approach},
  volume       = {abs/1605.06391},
  date         = {2016},
  journaltitle = {CoRR}
}

@Article{Ruder2017a,
  author       = {Sebastian Ruder and Joachim Bingel and Isabelle Augenstein and Anders S{\o}gaard},
  title        = {Sluice networks: Learning what to share between loosely related tasks},
  volume       = {abs/1705.08142},
  year         = {2017},
  eprint       = {1705.08142},
  eprinttype   = {arXiv}
}

@InProceedings{Goodfellow2014,
  author    = {Ian J. Goodfellow and Jean Pouget{-}Abadie and Mehdi Mirza and Bing Xu and David Warde{-}Farley and Sherjil Ozair and Aaron C. Courville and Yoshua Bengio},
  title     = {Generative Adversarial Nets},
  booktitle = {Advances in Neural Information Processing Systems 27: Annual Conference on Neural Information Processing Systems 2014, December 8-13 2014, Montreal, Quebec, Canada},
  pages     = {2672--2680},
  year      = {2014}
}

@InProceedings{Mintz2009,
  author    = {Mike Mintz and Steven Bills and Rion Snow and Daniel Jurafsky},
  title     = {Distant supervision for relation extraction without labeled data},
  booktitle = {{ACL} 2009, Proceedings of the 47th Annual Meeting of the Association for Computational Linguistics and the 4th International Joint Conference on Natural Language Processing of the AFNLP, 2-7 August 2009, Singapore},
  pages     = {1003--1011},
  publisher = {The Association for Computer Linguistics},
  year      = {2009}
}

@InProceedings{Riedel2010,
  author    = {Sebastian Riedel and Limin Yao and Andrew McCallum},
  title     = {Modeling Relations and Their Mentions without Labeled Text},
  booktitle = {Machine Learning and Knowledge Discovery in Databases, European Conference, {ECML} {PKDD} 2010, Barcelona, Spain, September 20-24, 2010, Proceedings, Part {III}},
  editor    = {Jos{\'{e}} L. Balc{\'{a}}zar and Francesco Bonchi and Aristides Gionis and Mich{\`{e}}le Sebag},
  volume    = {6323},
  series    = {Lecture Notes in Computer Science},
  pages     = {148--163},
  publisher = {Springer},
  year      = {2010}
}

@InProceedings{Lin2016,
  author    = {Yankai Lin and Shiqi Shen and Zhiyuan Liu and Huanbo Luan and Maosong Sun},
  title     = {Neural Relation Extraction with Selective Attention over Instances},
  booktitle = {Proceedings of the 54th Annual Meeting of the Association for Computational Linguistics, {ACL} 2016, August 7-12, 2016, Berlin, Germany, Volume 1: Long Papers},
  publisher = {The Association for Computer Linguistics},
  year      = {2016}
}

@InProceedings{Liu2013,
  author    = {Chunyang Liu and Wenbo Sun and Wenhan Chao and Wanxiang Che},
  title     = {Convolution Neural Network for Relation Extraction},
  booktitle = {Advanced Data Mining and Applications - 9th International Conference, {ADMA} 2013, Hangzhou, China, December 14-16, 2013, Proceedings, Part {II}},
  volume    = {8347},
  series    = {Lecture Notes in Computer Science},
  pages     = {231--242},
  publisher = {Springer},
  year      = {2013},
  doi       = {10.1007/978-3-642-53917-6_21}
}

@InProceedings{Nguyen2015,
  author    = {Thien Huu Nguyen and Ralph Grishman},
  title     = {Relation Extraction: Perspective from Convolutional Neural Networks},
  booktitle = {Proceedings of the 1st Workshop on Vector Space Modeling for Natural Language Processing, VS@NAACL-HLT 2015, June 5, 2015, Denver, Colorado, {USA}},
  editor    = {Phil Blunsom and Shay B. Cohen and Paramveer S. Dhillon and Percy Liang},
  pages     = {39--48},
  publisher = {The Association for Computational Linguistics},
  year      = {2015}
}

@inproceedings{mikolov2013distributed,
  title={Distributed representations of words and phrases and their compositionality},
  author={Mikolov, Tomas and Sutskever, Ilya and Chen, Kai and Corrado, Greg S and Dean, Jeff},
  booktitle={Advances in neural information processing systems},
  pages={3111--3119},
  year={2013}
}

@InProceedings{Zeng2015,
  author    = {Daojian Zeng and Kang Liu and Yubo Chen and Jun Zhao},
  title     = {Distant Supervision for Relation Extraction via Piecewise Convolutional Neural Networks},
  booktitle = {Proceedings of the 2015 Conference on Empirical Methods in Natural Language Processing, {EMNLP} 2015, Lisbon, Portugal, September 17-21, 2015},
  editor    = {Llu{\'{\i}}s M{\`{a}}rquez and Chris Callison{-}Burch and Jian Su and Daniele Pighin and Yuval Marton},
  pages     = {1753--1762},
  publisher = {The Association for Computational Linguistics},
  year      = {2015}
}

@InProceedings{Jiang2016,
  author    = {Xiaotian Jiang and Quan Wang and Peng Li and Bin Wang},
  title     = {Relation Extraction with Multi-instance Multi-label Convolutional Neural Networks},
  booktitle = {{COLING} 2016, 26th International Conference on Computational Linguistics, Proceedings of the Conference: Technical Papers, December 11-16, 2016, Osaka, Japan},
  editor    = {Nicoletta Calzolari and Yuji Matsumoto and Rashmi Prasad},
  pages     = {1471--1480},
  publisher = {{ACL}},
  year      = {2016}
}

@InProceedings{Surdeanu2012,
  author    = {Mihai Surdeanu and Julie Tibshirani and Ramesh Nallapati and Christopher D. Manning},
  title     = {Multi-instance Multi-label Learning for Relation Extraction},
  booktitle = {Proceedings of the 2012 Joint Conference on Empirical Methods in Natural Language Processing and Computational Natural Language Learning, EMNLP-CoNLL 2012, July 12-14, 2012, Jeju Island, Korea},
  editor    = {Jun'ichi Tsujii and James Henderson and Marius Pasca},
  pages     = {455--465},
  publisher = {{ACL}},
  year      = {2012}
}

@InProceedings{Zeng2014,
  author    = {Daojian Zeng and Kang Liu and Siwei Lai and Guangyou Zhou and Jun Zhao},
  title     = {Relation Classification via Convolutional Deep Neural Network},
  booktitle = {{COLING} 2014, 25th International Conference on Computational Linguistics, Proceedings of the Conference: Technical Papers, August 23-29, 2014, Dublin, Ireland},
  editor    = {Jan Hajic and Junichi Tsujii},
  pages     = {2335--2344},
  publisher = {{ACL}},
  year      = {2014}
}

@InProceedings{Wang2016,
  author    = {Linlin Wang and Zhu Cao and Gerard de Melo and Zhiyuan Liu},
  title     = {Relation Classification via Multi-Level Attention CNNs},
  booktitle = {Proceedings of the 54th Annual Meeting of the Association for Computational Linguistics, {ACL} 2016, August 7-12, 2016, Berlin, Germany, Volume 1: Long Papers},
  publisher = {The Association for Computer Linguistics},
  year      = {2016}
}

@Article{Shaalan2014,
  author       = {Khaled Shaalan},
  title        = {A Survey of Arabic Named Entity Recognition and Classification},
  volume       = {40},
  number       = {2},
  pages        = {469--510},
  year         = {2014},
  doi          = {10.1162/COLI_a_00178},
  journaltitle = {Computational Linguistics}
}

@InProceedings{Santos2015,
  author    = {C{\'{\i}}cero Nogueira dos Santos and Victor Guimar{\~{a}}es},
  title     = {Boosting Named Entity Recognition with Neural Character Embeddings},
  booktitle = {Proceedings of the Fifth Named Entity Workshop, NEWS@ACL 2015, Beijing, China, July 31, 2015},
  editor    = {Xiangyu Duan and Rafael E. Banchs and Min Zhang and Haizhou Li and A. Kumaran},
  pages     = {25--33},
  publisher = {Association for Computational Linguistics},
  year      = {2015},
  doi       = {10.18653/v1/W15-3904}
}

@InProceedings{Lample2016,
  author    = {Guillaume Lample and Miguel Ballesteros and Sandeep Subramanian and Kazuya Kawakami and Chris Dyer},
  title     = {Neural Architectures for Named Entity Recognition},
  booktitle = {{NAACL} {HLT} 2016, The 2016 Conference of the North American Chapter of the Association for Computational Linguistics: Human Language Technologies, San Diego California, USA, June 12-17, 2016},
  editor    = {Kevin Knight and Ani Nenkova and Owen Rambow},
  pages     = {260--270},
  publisher = {The Association for Computational Linguistics},
  year      = {2016}
}

@InProceedings{Dernoncourt2017,
  author    = {Franck Dernoncourt and Ji Young Lee and Peter Szolovits},
  title     = {NeuroNER: an easy-to-use program for named-entity recognition based on neural networks},
  booktitle = {Proceedings of the 2017 Conference on Empirical Methods in Natural Language Processing, {EMNLP} 2017, Copenhagen, Denmark, September 9-11, 2017 - System Demonstrations},
  editor    = {Lucia Specia and Matt Post and Michael Paul},
  pages     = {97--102},
  publisher = {Association for Computational Linguistics},
  year      = {2017}
}

@InProceedings{Jie2017,
  author    = {Zhanming Jie and Aldrian Obaja Muis and Wei Lu},
  title     = {Efficient Dependency-Guided Named Entity Recognition},
  booktitle = {Proceedings of the Thirty-First {AAAI} Conference on Artificial Intelligence, February 4-9, 2017, San Francisco, California, {USA.}},
  editor    = {Satinder P. Singh and Shaul Markovitch},
  pages     = {3457--3465},
  publisher = {{AAAI} Press},
  year      = {2017}
}

@InProceedings{Li2017,
  author    = {Peng{-}Hsuan Li and Ruo{-}Ping Dong and Yu{-}Siang Wang and Ju{-}Chieh Chou and Wei{-}Yun Ma},
  title     = {Leveraging Linguistic Structures for Named Entity Recognition with Bidirectional Recursive Neural Networks},
  booktitle = {Proceedings of the 2017 Conference on Empirical Methods in Natural Language Processing, {EMNLP} 2017, Copenhagen, Denmark, September 9-11, 2017},
  editor    = {Martha Palmer and Rebecca Hwa and Sebastian Riedel},
  pages     = {2654--2659},
  publisher = {Association for Computational Linguistics},
  year      = {2017}
}

@Article{Yang2017,
  author       = {Jie Yang and Yue Zhang and Fei Dong},
  title        = {Neural Reranking for Named Entity Recognition},
  volume       = {abs/1707.05127},
  year         = {2017},
  eprint       = {1707.05127},
  eprinttype   = {arXiv},
  journaltitle = {CoRR}
}

@Article{Collobert2011,
  author       = {Ronan Collobert and Jason Weston and L{\'{e}}on Bottou and Michael Karlen and Koray Kavukcuoglu and Pavel P. Kuksa},
  title        = {Natural Language Processing (Almost) from Scratch},
  volume       = {12},
  pages        = {2493--2537},
  year         = {2011},
  journaltitle = {Journal of Machine Learning Research}
}

@InProceedings{Sogaard2016,
  author        = {Anders S{\o}gaard and Yoav Goldberg},
  title         = {Deep multi-task learning with low level tasks supervised at lower layers},
  booktitle     = {Proceedings of the 54th Annual Meeting of the Association for Computational Linguistics, {ACL} 2016, August 7-12, 2016, Berlin, Germany, Volume 2: Short Papers},
  publisher     = {The Association for Computer Linguistics},
  year          = {2016}
}

@InProceedings{Luong2016,
  author     = {Minh{-}Thang Luong and Quoc V. Le and Ilya Sutskever and Oriol Vinyals and Lukasz Kaiser},
  title      = {Multi-task Sequence to Sequence Learning},
  booktitle  = {ICLR},
  volume     = {abs/1511.06114},
  year       = {2016},
  eprint     = {1511.06114},
  eprinttype = {arXiv}
}

@Article{Pan2010,
  author       = {Sinno Jialin Pan and Qiang Yang},
  title        = {A Survey on Transfer Learning},
  volume       = {22},
  number       = {10},
  pages        = {1345--1359},
  year         = {2010},
  doi          = {10.1109/TKDE.2009.191},
  journaltitle = {{IEEE} Trans. Knowl. Data Eng.}
}

@InProceedings{Lucic2017,
  title={Are GANs Created Equal? A Large-Scale Study},
  author={Lucic, Mario and Kurach, Karol and Michalski, Marcin and Gelly, Sylvain and Bousquet, Olivier},
  journal={arXiv preprint arXiv:1711.10337},
  year={2017}
}

@InProceedings{Aguilar2014,
  author    = {Jacqueline Aguilar and Charley Beller and Paul McNamee and Benjamin Van Durme and Stephanie Strassel and Zhiyi Song and Joe Ellis},
  title     = {A Comparison of the Events and Relations Across ACE, ERE, TAC-KBP, and FrameNet Annotation Standards},
  booktitle = {Proceedings of the Second Workshop on {EVENTS:} Definition, Detection, Coreference, and Representation, EVENTS@ACL 2014, Baltimore, Maryland, USA, June 2014},
  pages     = {45--53},
  publisher = {Association for Computational Linguistics},
  year      = {2014},
  doi       = {10.3115/v1/W14-2907}
}

@article{Zheng2017a,
  title={Joint entity and relation extraction based on a hybrid neural network},
  author={Zheng, Suncong and Hao, Yuexing and Lu, Dongyuan and Bao, Hongyun and Xu, Jiaming and Hao, Hongwei and Xu, Bo},
  journal={Neurocomputing},
  volume={257},
  pages={59--66},
  year={2017},
  publisher={Elsevier}
}

@Article{Li2017a,
  author       = {Fei Li and Meishan Zhang and Guohong Fu and Donghong Ji},
  title        = {A neural joint model for entity and relation extraction from biomedical text},
  volume       = {18},
  number       = {1},
  pages        = {198:1--198:11},
  year         = {2017},
  journaltitle = {{BMC} Bioinformatics}
}

@InProceedings{Li2014,
  author    = {Qi Li and Heng Ji},
  title     = {Incremental Joint Extraction of Entity Mentions and Relations},
  booktitle = {Proceedings of the 52nd Annual Meeting of the Association for Computational Linguistics, {ACL} 2014, June 22-27, 2014, Baltimore, MD, USA, Volume 1: Long Papers},
  pages     = {402--412},
  publisher = {The Association for Computer Linguistics},
  year      = {2014}
}

@Article{Wang2015,
  author        = {Peilu Wang and Yao Qian and Frank K. Soong and Lei He and Hai Zhao},
  title         = {A Unified Tagging Solution: Bidirectional {LSTM} Recurrent Neural Network with Word Embedding},
  volume        = {abs/1511.00215},
  year          = {2015},
  eprint        = {1511.00215},
  eprinttype    = {arXiv},
  file          = {:Wang2015.pdf:PDF},
  journaltitle  = {CoRR}
}

@InProceedings{Rei2016,
  author    = {Marek Rei and Gamal K. O. Crichton and Sampo Pyysalo},
  title     = {Attending to Characters in Neural Sequence Labeling Models},
  booktitle = {{COLING} 2016, 26th International Conference on Computational Linguistics, Proceedings of the Conference: Technical Papers, December 11-16, 2016, Osaka, Japan},
  editor    = {Nicoletta Calzolari and Yuji Matsumoto and Rashmi Prasad},
  pages     = {309--318},
  publisher = {{ACL}},
  year      = {2016}
}

@InProceedings{Liu2017,
  author    = {Jingzhou Liu and Wei{-}Cheng Chang and Yuexin Wu and Yiming Yang},
  title     = {Deep Learning for Extreme Multi-label Text Classification},
  booktitle = {Proceedings of the 40th International {ACM} {SIGIR} Conference on Research and Development in Information Retrieval, Shinjuku, Tokyo, Japan, August 7-11, 2017},
  editor    = {Noriko Kando and Tetsuya Sakai and Hideo Joho and Hang Li and Arjen P. de Vries and Ryen W. White},
  pages     = {115--124},
  publisher = {{ACM}},
  year      = {2017},
  doi       = {10.1145/3077136.3080834}
}

@InProceedings{Xu2016,
  author    = {Chang Xu and Dacheng Tao and Chao Xu},
  title     = {Robust Extreme Multi-label Learning},
  booktitle = {Proceedings of the 22nd {ACM} {SIGKDD} International Conference on Knowledge Discovery and Data Mining, San Francisco, CA, USA, August 13-17, 2016},
  editor    = {Balaji Krishnapuram and Mohak Shah and Alexander J. Smola and Charu C. Aggarwal and Dou Shen and Rajeev Rastogi},
  pages     = {1275--1284},
  publisher = {{ACM}},
  year      = {2016},
  doi       = {10.1145/2939672.2939798}
}

@InProceedings{Yang2017a,
  author    = {Hao Yang and Joey Tianyi Zhou and Jianfei Cai and Yew{-}Soon Ong},
  title     = {{MIML-FCN+:} Multi-Instance Multi-Label Learning via Fully Convolutional Networks with Privileged Information},
  booktitle = {2017 {IEEE} Conference on Computer Vision and Pattern Recognition, {CVPR} 2017, Honolulu, HI, USA, July 21-26, 2017},
  pages     = {5996--6004},
  publisher = {{IEEE} Computer Society},
  year      = {2017},
  doi       = {10.1109/CVPR.2017.635}
}

@InProceedings{You2017,
  author    = {Shan You and Chang Xu and Yunhe Wang and Chao Xu and Dacheng Tao},
  title     = {Privileged Multi-label Learning},
  booktitle = {Proceedings of the Twenty-Sixth International Joint Conference on Artificial Intelligence, {IJCAI} 2017, Melbourne, Australia, August 19-25, 2017},
  editor    = {Carles Sierra},
  pages     = {3336--3342},
  publisher = {ijcai.org},
  year      = {2017},
  doi       = {10.24963/ijcai.2017/466}
}

@Article{Chen2017a,
  author       = {Shiyu Chen and Shangfei Wang and Tanfang Chen and Xiaoxiao Shi},
  title        = {Learning with Privileged Information for Multi-Label Classification},
  volume       = {abs/1703.09911},
  year         = {2017},
  eprint       = {1703.09911},
  eprinttype   = {arXiv},
  journaltitle = {CoRR}
}

@InProceedings{Adel2017,
  author    = {Heike Adel and Hinrich Sch{\"{u}}tze},
  title     = {Global Normalization of Convolutional Neural Networks for Joint Entity and Relation Classification},
  booktitle = {Proceedings of the 2017 Conference on Empirical Methods in Natural Language Processing, {EMNLP} 2017, Copenhagen, Denmark, September 9-11, 2017},
  pages     = {1723--1729},
  publisher = {Association for Computational Linguistics},
  year      = {2017}
}

@InProceedings{Gupta2016,
  title={Table filling multi-task recurrent neural network for joint entity and relation extraction},
  author={Gupta, Pankaj and Sch{\"u}tze, Hinrich and Andrassy, Bernt},
  booktitle={Proceedings of COLING 2016, the 26th International Conference on Computational Linguistics: Technical Papers},
  pages={2537--2547},
  year={2016}
}

@InProceedings{Socher2012,
  author    = {Richard Socher and Brody Huval and Christopher D. Manning and Andrew Y. Ng},
  title     = {Semantic Compositionality through Recursive Matrix-Vector Spaces},
  booktitle = {Proceedings of the 2012 Joint Conference on Empirical Methods in Natural Language Processing and Computational Natural Language Learning, EMNLP-CoNLL 2012, July 12-14, 2012, Jeju Island, Korea},
  editor    = {Jun'ichi Tsujii and James Henderson and Marius Pasca},
  pages     = {1201--1211},
  publisher = {{ACL}},
  bibsource = {dblp computer science bibliography, http://dblp.org},
  biburl    = {http://dblp.org/rec/bib/conf/emnlp/SocherHMN12},
  date      = {2012},
  file      = {:Socher2012.pdf:PDF},
  groups    = {Plain Sentence-Level RE},
  url       = {http://www.aclweb.org/anthology/D12-1110}
}

@InProceedings{Santos2015a,
  author    = {C{\'{\i}}cero Nogueira dos Santos and Bing Xiang and Bowen Zhou},
  title     = {Classifying Relations by Ranking with Convolutional Neural Networks},
  booktitle = {Proceedings of the 53rd Annual Meeting of the Association for Computational Linguistics and the 7th International Joint Conference on Natural Language Processing of the Asian Federation of Natural Language Processing, {ACL} 2015, July 26-31, 2015, Beijing, China, Volume 1: Long Papers},
  pages     = {626--634},
  publisher = {The Association for Computer Linguistics},
  bibsource = {dblp computer science bibliography, http://dblp.org},
  biburl    = {http://dblp.org/rec/bib/conf/acl/SantosXZ15},
  date      = {2015},
  file      = {:Santos2015a.pdf:PDF},
  groups    = {Plain Sentence-Level RE},
  url       = {http://aclweb.org/anthology/P/P15/P15-1061.pdf}
}

@Article{Wen2017,
  author    = {Ji Wen},
  title     = {Structure Regularized Bidirectional Recurrent Convolutional Neural
               Network for Relation Classification},
  journal   = {CoRR},
  volume    = {abs/1711.02509},
  year      = {2017},
  archivePrefix = {arXiv},
  eprint    = {1711.02509},
  timestamp = {Fri, 01 Dec 2017 14:22:24 +0100},
  biburl    = {http://dblp.org/rec/bib/journals/corr/abs-1711-02509},
  bibsource = {dblp computer science bibliography, http://dblp.org}
}

@InProceedings{Cai2016,
  title={Bidirectional recurrent convolutional neural network for relation classification},
  author={Cai, Rui and Zhang, Xiaodong and Wang, Houfeng},
  booktitle={Proceedings of the 54th Annual Meeting of the Association for Computational Linguistics (Volume 1: Long Papers)},
  volume={1},
  pages={756--765},
  year={2016}
}

@InProceedings{Zhou2016,
  title={Attention-based bidirectional long short-term memory networks for relation classification},
  author={Zhou, Peng and Shi, Wei and Tian, Jun and Qi, Zhenyu and Li, Bingchen and Hao, Hongwei and Xu, Bo},
  booktitle={Proceedings of the 54th Annual Meeting of the Association for Computational Linguistics (Volume 2: Short Papers)},
  volume={2},
  pages={207--212},
  year={2016}
}

@InProceedings{Huang2017,
  author    = {Yi Yao Huang and William Yang Wang},
  title     = {Deep Residual Learning for Weakly-Supervised Relation Extraction},
  booktitle = {Proceedings of the 2017 Conference on Empirical Methods in Natural Language Processing, {EMNLP} 2017, Copenhagen, Denmark, September 9-11, 2017},
  editor    = {Martha Palmer and Rebecca Hwa and Sebastian Riedel},
  pages     = {1803--1807},
  publisher = {Association for Computational Linguistics},
  bibsource = {dblp computer science bibliography, http://dblp.org},
  biburl    = {http://dblp.org/rec/bib/conf/emnlp/HuangW17},
  date      = {2017},
  groups    = {Plain Sentence-Level RE},
  url       = {https://aclanthology.info/papers/D17-1191/d17-1191}
}

@InProceedings{Lin2017,
  author    = {Yankai Lin and Zhiyuan Liu and Maosong Sun},
  title     = {Neural Relation Extraction with Multi-lingual Attention},
  booktitle = {Proceedings of the 55th Annual Meeting of the Association for Computational Linguistics, {ACL} 2017, Vancouver, Canada, July 30 - August 4, Volume 1: Long Papers},
  editor    = {Regina Barzilay and Min{-}Yen Kan},
  pages     = {34--43},
  publisher = {Association for Computational Linguistics},
  bibsource = {dblp computer science bibliography, http://dblp.org},
  biburl    = {http://dblp.org/rec/bib/conf/acl/LinLS17},
  date      = {2017},
  doi       = {10.18653/v1/P17-1004},
  groups    = {Plain Sentence-Level RE}
}

@InProceedings{Xu2015,
  title={Semantic relation classification via convolutional neural networks with simple negative sampling},
  author={Xu, Kun and Feng, Yansong and Huang, Songfang and Zhao, Dongyan},
  journal={arXiv preprint arXiv:1506.07650},
  year={2015}
}

@InProceedings{Xu2015a,
  author    = {Yan Xu and Lili Mou and Ge Li and Yunchuan Chen and Hao Peng and Zhi Jin},
  title     = {Classifying Relations via Long Short Term Memory Networks along Shortest Dependency Paths},
  booktitle = {Proceedings of the 2015 Conference on Empirical Methods in Natural Language Processing, {EMNLP} 2015, Lisbon, Portugal, September 17-21, 2015},
  editor    = {Llu{\'{\i}}s M{\`{a}}rquez and Chris Callison{-}Burch and Jian Su and Daniele Pighin and Yuval Marton},
  pages     = {1785--1794},
  publisher = {The Association for Computational Linguistics},
  bibsource = {dblp computer science bibliography, http://dblp.org},
  biburl    = {http://dblp.org/rec/bib/conf/emnlp/XuMLCPJ15},
  date      = {2015},
  file      = {:Xu2015a.pdf:PDF},
  groups    = {Plain Sentence-Level RE},
  url       = {http://aclweb.org/anthology/D/D15/D15-1206.pdf}
}

@InProceedings{Sorokin2017,
  author    = {Daniil Sorokin and Iryna Gurevych},
  title     = {Context-Aware Representations for Knowledge Base Relation Extraction},
  booktitle = {Proceedings of the 2017 Conference on Empirical Methods in Natural Language Processing, {EMNLP} 2017, Copenhagen, Denmark, September 9-11, 2017},
  editor    = {Martha Palmer and Rebecca Hwa and Sebastian Riedel},
  pages     = {1784--1789},
  publisher = {Association for Computational Linguistics},
  bibsource = {dblp computer science bibliography, http://dblp.org},
  biburl    = {http://dblp.org/rec/bib/conf/emnlp/SorokinG17},
  date      = {2017},
  file      = {:Sorokin2017.pdf:PDF},
  groups    = {Plain Sentence-Level RE},
  keywords  = {rank5},
  url       = {https://aclanthology.info/papers/D17-1188/d17-1188}
}

@InProceedings{Miwa2014,
  title={Modeling joint entity and relation extraction with table representation},
  author={Miwa, Makoto and Sasaki, Yutaka},
  booktitle={Proceedings of the 2014 Conference on Empirical Methods in Natural Language Processing (EMNLP)},
  pages={1858--1869},
  year={2014}
}

@InProceedings{Kate2010,
  title={Joint entity and relation extraction using card-pyramid parsing},
  author={Kate, Rohit J and Mooney, Raymond J},
  booktitle={Proceedings of the Fourteenth Conference on Computational Natural Language Learning},
  pages={203--212},
  year={2010},
  organization={Association for Computational Linguistics}
}

@InProceedings{Martins2016,
  author    = {Andr{\'{e}} F. T. Martins and Ram{\'{o}}n Fern{\'{a}}ndez Astudillo},
  title     = {From Softmax to Sparsemax: {A} Sparse Model of Attention and Multi-Label Classification},
  booktitle = {Proceedings of the 33nd International Conference on Machine Learning, {ICML} 2016, New York City, NY, USA, June 19-24, 2016},
  editor    = {Maria{-}Florina Balcan and Kilian Q. Weinberger},
  volume    = {48},
  series    = {{JMLR} Workshop and Conference Proceedings},
  pages     = {1614--1623},
  publisher = {JMLR.org},
  bibsource = {dblp computer science bibliography, http://dblp.org},
  biburl    = {http://dblp.org/rec/bib/conf/icml/MartinsA16},
  date      = {2016},
  groups    = {Multi-Label Learning},
  url       = {http://jmlr.org/proceedings/papers/v48/martins16.html}
}

@InProceedings{Vaswani2016,
  author    = {Ashish Vaswani and Yonatan Bisk and Kenji Sagae and Ryan Musa},
  title     = {Supertagging With LSTMs},
  booktitle = {{NAACL} {HLT} 2016, The 2016 Conference of the North American Chapter of the Association for Computational Linguistics: Human Language Technologies, San Diego California, USA, June 12-17, 2016},
  editor    = {Kevin Knight and Ani Nenkova and Owen Rambow},
  pages     = {232--237},
  publisher = {The Association for Computational Linguistics},
  bibsource = {dblp computer science bibliography, http://dblp.org},
  biburl    = {http://dblp.org/rec/bib/conf/naacl/VaswaniBSM16},
  date      = {2016},
  file      = {:Vaswani2016.pdf:PDF},
  groups    = {Tagging},
  url       = {http://aclweb.org/anthology/N/N16/N16-1027.pdf}
}

@InProceedings{Katiyar2016,
  author    = {Arzoo Katiyar and Claire Cardie},
  title     = {Investigating LSTMs for Joint Extraction of Opinion Entities and Relations},
  booktitle = {Proceedings of the 54th Annual Meeting of the Association for Computational Linguistics, {ACL} 2016, August 7-12, 2016, Berlin, Germany, Volume 1: Long Papers},
  publisher = {The Association for Computer Linguistics},
  bibsource = {dblp computer science bibliography, http://dblp.org},
  biburl    = {http://dblp.org/rec/bib/conf/acl/KatiyarC16},
  date      = {2016},
  file      = {:Katiyar2016.pdf:PDF},
  groups    = {Joint RE},
  url       = {http://aclweb.org/anthology/P/P16/P16-1087.pdf}
}

@InProceedings{Cho2014,
  author    = {Kyunghyun Cho and Bart van Merrienboer and {\c{C}}aglar G{\"{u}}l{\c{c}}ehre and Dzmitry Bahdanau and Fethi Bougares and Holger Schwenk and Yoshua Bengio},
  title     = {Learning Phrase Representations using {RNN} Encoder-Decoder for Statistical Machine Translation},
  booktitle = {Proceedings of the 2014 Conference on Empirical Methods in Natural Language Processing, {EMNLP} 2014, October 25-29, 2014, Doha, Qatar, {A} meeting of SIGDAT, a Special Interest Group of the {ACL}},
  editor    = {Alessandro Moschitti and Bo Pang and Walter Daelemans},
  pages     = {1724--1734},
  publisher = {{ACL}},
  bibsource = {dblp computer science bibliography, http://dblp.org},
  biburl    = {http://dblp.org/rec/bib/conf/emnlp/ChoMGBBSB14},
  date      = {2014},
  file      = {:Cho2014.pdf:PDF},
  groups    = {Encoder-Decoder},
  url       = {http://aclweb.org/anthology/D/D14/D14-1179.pdf}
}

@Article{Wu2017,
  author       = {Zeqiu Wu and Xiang Ren and Frank F. Xu and Ji Li and Jiawei Han},
  title        = {Indirect Supervision for Relation Extraction using Question-Answer Pairs},
  volume       = {abs/1710.11169},
  bibsource    = {dblp computer science bibliography, http://dblp.org},
  biburl       = {http://dblp.org/rec/bib/journals/corr/abs-1710-11169},
  date         = {2017},
  eprint       = {1710.11169},
  eprinttype   = {arXiv},
  groups       = {Distant Supervision RE},
  journaltitle = {CoRR},
  url          = {http://arxiv.org/abs/1710.11169}
}

@InProceedings{Caruana1993,
  author    = {Rich Caruana},
  title     = {Multitask Learning: {A} Knowledge-Based Source of Inductive Bias},
  booktitle = {Machine Learning, Proceedings of the Tenth International Conference, University of Massachusetts, Amherst, MA, USA, June 27-29, 1993},
  pages     = {41--48},
  publisher = {Morgan Kaufmann},
  bibsource = {dblp computer science bibliography, http://dblp.org},
  biburl    = {http://dblp.org/rec/bib/conf/icml/Caruana93},
  date      = {1993},
  groups    = {Multi-Task Learning}
}

@InProceedings{Yu2016,
  author        = {Jianfei Yu and Jing Jiang},
  title         = {Learning Sentence Embeddings with Auxiliary Tasks for Cross-Domain Sentiment Classification},
  booktitle     = {Proceedings of the 2016 Conference on Empirical Methods in Natural Language Processing, {EMNLP} 2016, Austin, Texas, USA, November 1-4, 2016},
  editor        = {Jian Su and Xavier Carreras and Kevin Duh},
  pages         = {236--246},
  publisher     = {The Association for Computational Linguistics},
  __markedentry = {[yangyang:5]},
  bibsource     = {dblp computer science bibliography, http://dblp.org},
  biburl        = {http://dblp.org/rec/bib/conf/emnlp/YuJ16},
  date          = {2016},
  file          = {:Yu2016.pdf:PDF},
  groups        = {Multi-Task Learning},
  url           = {http://aclweb.org/anthology/D/D16/D16-1023.pdf}
}

@InProceedings{Cheng2015,
  author        = {Hao Cheng and Hao Fang and Mari Ostendorf},
  title         = {Open-Domain Name Error Detection using a Multi-Task {RNN}},
  booktitle     = {Proceedings of the 2015 Conference on Empirical Methods in Natural Language Processing, {EMNLP} 2015, Lisbon, Portugal, September 17-21, 2015},
  editor        = {Llu{\'{\i}}s M{\`{a}}rquez and Chris Callison{-}Burch and Jian Su and Daniele Pighin and Yuval Marton},
  pages         = {737--746},
  publisher     = {The Association for Computational Linguistics},
  __markedentry = {[yangyang:5]},
  bibsource     = {dblp computer science bibliography, http://dblp.org},
  biburl        = {http://dblp.org/rec/bib/conf/emnlp/ChengFO15},
  date          = {2015},
  file          = {:Cheng2015.pdf:PDF},
  groups        = {Multi-Task Learning},
  url           = {http://aclweb.org/anthology/D/D15/D15-1085.pdf}
}

@InProceedings{Plank2017,
  author        = {Barbara Plank and H{\'{e}}ctor Mart{\'{\i}}nez Alonso},
  title         = {When is multitask learning effective? Semantic sequence prediction under varying data conditions},
  booktitle     = {Proceedings of the 15th Conference of the European Chapter of the Association for Computational Linguistics, {EACL} 2017, Valencia, Spain, April 3-7, 2017, Volume 1: Long Papers},
  editor        = {Mirella Lapata and Phil Blunsom and Alexander Koller},
  pages         = {44--53},
  publisher     = {Association for Computational Linguistics},
  __markedentry = {[yangyang:5]},
  bibsource     = {dblp computer science bibliography, http://dblp.org},
  biburl        = {http://dblp.org/rec/bib/conf/eacl/PlankA17},
  date          = {2017},
  file          = {:Plank2017.pdf:PDF},
  groups        = {Multi-Task Learning},
  url           = {https://aclanthology.info/papers/E17-1005/e17-1005}
}

@Article{Abu-Mostafa1990,
  author       = {Yaser S. Abu{-}Mostafa},
  title        = {Learning from hints in neural networks},
  volume       = {6},
  number       = {2},
  pages        = {192--198},
  bibsource    = {dblp computer science bibliography, http://dblp.org},
  biburl       = {http://dblp.org/rec/bib/journals/jc/Abu-Mostafa90},
  date         = {1990},
  doi          = {10.1016/0885-064X(90)90006-Y},
  file         = {:Abu-Mostafa1990.pdf:PDF},
  groups       = {Multi-Task Learning},
  journaltitle = {J. Complexity},
  keywords     = {rank5}
}

@InProceedings{Grishman1997,
  author    = {Ralph Grishman},
  title     = {Information Extraction: Techniques and Challenges},
  booktitle = {Information Extraction: {A} Multidisciplinary Approach to an Emerging Information Technology, International Summer School, SCIE-97, Frascati, Italy, 14-18, 1997},
  year      = {1997},
  editor    = {Maria Teresa Pazienza},
  volume    = {1299},
  series    = {Lecture Notes in Computer Science},
  pages     = {10--27},
  publisher = {Springer}
}

@article{Bach,
  title={A review of relation extraction},
  author={Bach, Nguyen and Badaskar, Sameer},
  journal={Literature review for Language and Statistics II},
  volume={2},
  year={2007}
}

@InProceedings{Bao2014,
  author    = {Jun{-}Wei Bao and Nan Duan and Ming Zhou and Tiejun Zhao},
  title     = {Knowledge-Based Question Answering as Machine Translation},
  booktitle = {Proceedings of the 52nd Annual Meeting of the Association for Computational Linguistics, {ACL} 2014, June 22-27, 2014, Baltimore, MD, USA, Volume 1: Long Papers},
  year      = {2014},
  pages     = {967--976},
  publisher = {The Association for Computer Linguistics}
}

@Article{Castells2007,
  author    = {Pablo Castells and Miriam Fern{\'{a}}ndez and David Vallet},
  title     = {An Adaptation of the Vector-Space Model for Ontology-Based Information Retrieval},
  journal   = {{IEEE} Trans. Knowl. Data Eng.},
  year      = {2007},
  volume    = {19},
  number    = {2},
  pages     = {261--272}
}

@InProceedings{Passos2014,
  author    = {Alexandre Passos and Vineet Kumar and Andrew McCallum},
  title     = {Lexicon Infused Phrase Embeddings for Named Entity Resolution},
  booktitle = {Proceedings of the Eighteenth Conference on Computational Natural Language Learning, CoNLL 2014, Baltimore, Maryland, USA, June 26-27, 2014},
  year      = {2014},
  editor    = {Roser Morante and Wen{-}tau Yih},
  pages     = {78--86},
  publisher = {{ACL}}
}

@InProceedings{Luo2015,
  author    = {Gang Luo and Xiaojiang Huang and Chin{-}Yew Lin and Zaiqing Nie},
  title     = {Joint Entity Recognition and Disambiguation},
  booktitle = {Proceedings of the 2015 Conference on Empirical Methods in Natural Language Processing, {EMNLP} 2015, Lisbon, Portugal, September 17-21, 2015},
  year      = {2015},
  editor    = {Llu{\'{\i}}s M{\`{a}}rquez and Chris Callison{-}Burch and Jian Su and Daniele Pighin and Yuval Marton},
  pages     = {879--888},
  publisher = {The Association for Computational Linguistics}
}

@InProceedings{Tang2015,
  title={Line: Large-scale information network embedding},
  author={Tang, Jian and Qu, Meng and Wang, Mingzhe and Zhang, Ming and Yan, Jun and Mei, Qiaozhu},
  booktitle={Proceedings of the 24th International Conference on World Wide Web},
  pages={1067--1077},
  year={2015},
  organization={International World Wide Web Conferences Steering Committee}
}

@InProceedings{Gormley2015,
  author        = {Matthew R. Gormley and Mo Yu and Mark Dredze},
  title         = {Improved Relation Extraction with Feature-Rich Compositional Embedding Models},
  booktitle     = {Proceedings of the 2015 Conference on Empirical Methods in Natural Language Processing, {EMNLP} 2015, Lisbon, Portugal, September 17-21, 2015},
  year          = {2015},
  editor        = {Llu{\'{\i}}s M{\`{a}}rquez and Chris Callison{-}Burch and Jian Su and Daniele Pighin and Yuval Marton},
  pages         = {1774--1784},
  publisher     = {The Association for Computational Linguistics}
}

@InProceedings{Hoffmann2011,
  author        = {Raphael Hoffmann and Congle Zhang and Xiao Ling and Luke S. Zettlemoyer and Daniel S. Weld},
  title         = {Knowledge-Based Weak Supervision for Information Extraction of Overlapping Relations},
  booktitle     = {The 49th Annual Meeting of the Association for Computational Linguistics: Human Language Technologies, Proceedings of the Conference, 19-24 June, 2011, Portland, Oregon, {USA}},
  year          = {2011},
  editor        = {Dekang Lin and Yuji Matsumoto and Rada Mihalcea},
  pages         = {541--550},
  publisher     = {The Association for Computer Linguistics}
}

@Comment{jabref-meta: databaseType:bibtex;}

@Comment{jabref-meta: groupstree:
0 AllEntriesGroup:;
1 ExplicitGroup:Relation Extraction\;0\;;
2 ExplicitGroup:Joint RE\;0\;;
2 ExplicitGroup:Distant Supervision RE\;0\;;
2 ExplicitGroup:Plain Sentence-Level RE\;0\;;
2 ExplicitGroup:Dataset\;0\;;
1 ExplicitGroup:Named Entity Recognition\;0\;;
1 ExplicitGroup:Coreference Resolution\;0\;;
1 ExplicitGroup:Survey\;0\;;
1 ExplicitGroup:Deep Learning Models\;0\;;
2 ExplicitGroup:Multi-Task Learning\;0\;;
2 ExplicitGroup:Autoencoder\;0\;;
2 ExplicitGroup:GAN\;0\;;
2 ExplicitGroup:Others\;0\;;
2 ExplicitGroup:Transfer Learning\;0\;;
2 ExplicitGroup:Reinforcement Learning\;0\;;
2 ExplicitGroup:Multi-Label Learning\;0\;;
2 ExplicitGroup:Tagging\;0\;;
2 ExplicitGroup:Encoder-Decoder\;0\;;
1 ExplicitGroup:Other References\;0\;;
}
