@article{radford2019language,
  title={Language models are unsupervised multitask learners},
  author={Radford, Alec and Wu, Jeffrey and Child, Rewon and Luan, David and Amodei, Dario and Sutskever, Ilya and others},
  journal={OpenAI blog},
  volume={1},
  number={8},
  pages={9},
  year={2019}
}
@article{brown2020language,
  title={Language models are few-shot learners},
  author={Brown, Tom B and Mann, Benjamin and Ryder, Nick and Subbiah, Melanie and Kaplan, Jared and Dhariwal, Prafulla and Neelakantan, Arvind and Shyam, Pranav and Sastry, Girish and Askell, Amanda and others},
  journal={arXiv preprint arXiv:2005.14165},
  year={2020}
}
@article{ramesh2021zero,
  title={Zero-shot text-to-image generation},
  author={Ramesh, Aditya and Pavlov, Mikhail and Goh, Gabriel and Gray, Scott and Voss, Chelsea and Radford, Alec and Chen, Mark and Sutskever, Ilya},
  journal={arXiv preprint arXiv:2102.12092},
  year={2021}
}
@article{ding2021cogview,
  title={CogView: Mastering Text-to-Image Generation via Transformers},
  author={Ding, Ming and Yang, Zhuoyi and Hong, Wenyi and Zheng, Wendi and Zhou, Chang and Yin, Da and Lin, Junyang and Zou, Xu and Shao, Zhou and Yang, Hongxia and others},
  journal={arXiv preprint arXiv:2105.13290},
  year={2021}
}

@inproceedings{dai2019transformer,
  title={Transformer-XL: Attentive Language Models beyond a Fixed-Length Context},
  author={Dai, Zihang and Yang, Zhilin and Yang, Yiming and Carbonell, Jaime G and Le, Quoc and Salakhutdinov, Ruslan},
  booktitle={Proceedings of the 57th Annual Meeting of the Association for Computational Linguistics},
  pages={2978--2988},
  year={2019}
}

@article{yuan2021wudaocorpora,
  title={WuDaoCorpora: A Super Large-scale Chinese Corpora for Pre-training Language Models},
  author={Yuan, Sha and Zhao, Hanyu and Du, Zhengxiao and Ding, Ming and Liu, Xiao and Cen, Yukuo and Zou, Xu and Yang, Zhilin and Tang, Jie},
  journal={AI Open},
  year={2021},
  publisher={Elsevier}
}

@article{akoury2020storium,
  title={STORIUM: A Dataset and Evaluation Platform for Machine-in-the-Loop Story Generation},
  author={Akoury, Nader and Wang, Shufan and Whiting, Josh and Hood, Stephen and Peng, Nanyun and Iyyer, Mohit},
  journal={arXiv preprint arXiv:2010.01717},
  year={2020}
}

@inproceedings{swanson2021story,
  title={Story Centaur: Large Language Model Few Shot Learning as a Creative Writing Tool},
  author={Swanson, Ben and Mathewson, Kory and Pietrzak, Ben and Chen, Sherol and Dinalescu, Monica},
  booktitle={Proceedings of the 16th Conference of the European Chapter of the Association for Computational Linguistics: System Demonstrations},
  pages={244--256},
  year={2021}
}

@article{coenen2021wordcraft,
  title={Wordcraft: a Human-AI Collaborative Editor for Story Writing},
  author={Coenen, Andy and Davis, Luke and Ippolito, Daphne and Reif, Emily and Yuan, Ann},
  journal={arXiv preprint arXiv:2107.07430},
  year={2021}
}

@article{sun2021iga,
  title={IGA: An Intent-Guided Authoring Assistant},
  author={Sun, Simeng and Zhao, Wenlong and Manjunatha, Varun and Jain, Rajiv and Morariu, Vlad and Dernoncourt, Franck and Srinivasan, Balaji Vasan and Iyyer, Mohit},
  journal={arXiv preprint arXiv:2104.07000},
  year={2021}
}

@inproceedings{rashkin2020plotmachines,
  title={PlotMachines: Outline-Conditioned Generation with Dynamic Plot State Tracking},
  author={Rashkin, Hannah and Celikyilmaz, Asli and Choi, Yejin and Gao, Jianfeng},
  booktitle={Proceedings of the 2020 Conference on Empirical Methods in Natural Language Processing (EMNLP)},
  pages={4274--4295},
  year={2020}
}

@inproceedings{brahman2020modeling,
  title={Modeling Protagonist Emotions for Emotion-Aware Storytelling},
  author={Brahman, Faeze and Chaturvedi, Snigdha},
  booktitle={Proceedings of the 2020 Conference on Empirical Methods in Natural Language Processing (EMNLP)},
  pages={5277--5294},
  year={2020}
}

@inproceedings{chang2021changing,
  title={Changing the Mind of Transformers for Topically-Controllable Language Generation},
  author={Chang, Haw-Shiuan and Yuan, Jiaming and Iyyer, Mohit and McCallum, Andrew},
  booktitle={Proceedings of the 16th Conference of the European Chapter of the Association for Computational Linguistics: Main Volume},
  pages={2601--2611},
  year={2021}
}

@article{roemmele2021inspiration,
  title={Inspiration through Observation: Demonstrating the Influence of Automatically Generated Text on Creative Writing},
  author={Roemmele, Melissa},
  journal={arXiv preprint arXiv:2107.04007},
  year={2021}
}

@inproceedings{ammanabrolu2020bringing,
  title={Bringing Stories Alive: Generating Interactive Fiction Worlds},
  author={Ammanabrolu, Prithviraj and Cheung, Wesley and Tu, Dan and Broniec, William and Riedl, Mark},
  booktitle={Proceedings of the AAAI Conference on Artificial Intelligence and Interactive Digital Entertainment},
  volume={16},
  number={1},
  pages={3--9},
  year={2020}
}

@inproceedings{clark2021choose,
  title={Choose Your Own Adventure: Paired Suggestions in Collaborative Writing for Evaluating Story Generation Models},
  author={Clark, Elizabeth and Smith, Noah A},
  booktitle={Proceedings of the 2021 Conference of the North American Chapter of the Association for Computational Linguistics: Human Language Technologies},
  pages={3566--3575},
  year={2021}
}

@inproceedings{he-choi-2021-stem,
    title = "The Stem Cell Hypothesis: Dilemma behind Multi-Task Learning with Transformer Encoders",
    author = "He, Han and Choi, Jinho D.",
    booktitle = "Proceedings of the 2021 Conference on Empirical Methods in Natural Language Processing",
    month = nov,
    year = "2021",
    address = "Online and Punta Cana, Dominican Republic",
    publisher = "Association for Computational Linguistics",
    url = "https://aclanthology.org/2021.emnlp-main.451",
    pages = "5555--5577"
}

@inproceedings{clark2019electra,
  title={ELECTRA: Pre-training Text Encoders as Discriminators Rather Than Generators},
  author={Clark, Kevin and Luong, Minh-Thang and Le, Quoc V and Manning, Christopher D},
  booktitle={International Conference on Learning Representations},
  year={2019}
}

@inproceedings{zhang2021diverse,
  title={Diverse and Specific Clarification Question Generation with Keywords},
  author={Zhang, Zhiling and Zhu, Kenny},
  booktitle={Proceedings of the Web Conference 2021},
  pages={3501--3511},
  year={2021}
}