@article{moreira2019contextual,
  title={Contextual hybrid session-based news recommendation with recurrent neural networks},
  author={Gabriel De Souza, P Moreira and Jannach, Dietmar and Da Cunha, Adilson Marques},
  journal={IEEE Access},
  volume={7},
  pages={169185--169203},
  year={2019},
  publisher={IEEE}
}

@inproceedings{garg2019sequence,
  title={Sequence and time aware neighborhood for session-based recommendations: Stan},
  author={Garg, Diksha and Gupta, Priyanka and Malhotra, Pankaj and Vig, Lovekesh and Shroff, Gautam},
  booktitle={Proceedings of the 42nd International ACM SIGIR Conference on Research and Development in Information Retrieval},
  pages={1069--1072},
  year={2019}
}
@inproceedings{rakkappan2019context,
  title={Context-Aware Sequential Recommendations with Stacked Recurrent Neural Networks},
  author={Rakkappan, Lakshmanan and Rajan, Vaibhav},
  booktitle={The World Wide Web Conference},
  pages={3172--3178},
  year={2019}
}

@inproceedings{wang2018dkn,
  title={DKN: Deep knowledge-aware network for news recommendation},
  author={Wang, Hongwei and Zhang, Fuzheng and Xie, Xing and Guo, Minyi},
  booktitle={Proceedings of the 2018 world wide web conference},
  pages={1835--1844},
  year={2018}
}

@inproceedings{zhu2019dan,
  title={Dan: Deep attention neural network for news recommendation},
  author={Zhu, Qiannan and Zhou, Xiaofei and Song, Zeliang and Tan, Jianlong and Guo, Li},
  booktitle={Proceedings of the AAAI Conference on Artificial Intelligence},
  volume={33},
  pages={5973--5980},
  year={2019}
}

@inproceedings{wu2019npa,
  title={Npa: Neural news recommendation with personalized attention},
  author={Wu, Chuhan and Wu, Fangzhao and An, Mingxiao and Huang, Jianqiang and Huang, Yongfeng and Xie, Xing},
  booktitle={Proceedings of the 25th ACM SIGKDD International Conference on Knowledge Discovery \& Data Mining},
  pages={2576--2584},
  year={2019}
}

@inproceedings{pereira2019online,
  title={Online learning to rank for sequential music recommendation},
  author={Pereira, Bruno L and Ueda, Alberto and Penha, Gustavo and Santos, Rodrygo LT and Ziviani, Nivio},
  booktitle={Proceedings of the 13th ACM Conference on Recommender Systems},
  pages={237--245},
  year={2019}
}

@inproceedings{li2017neural,
  title={Neural attentive session-based recommendation},
  author={Li, Jing and Ren, Pengjie and Chen, Zhumin and Ren, Zhaochun and Lian, Tao and Ma, Jun},
  booktitle={Proceedings of the 2017 ACM on Conference on Information and Knowledge Management},
  pages={1419--1428},
  year={2017}
}

@inproceedings{wu2019session,
  title={Session-based recommendation with graph neural networks},
  author={Wu, Shu and Tang, Yuyuan and Zhu, Yanqiao and Wang, Liang and Xie, Xing and Tan, Tieniu},
  booktitle={Proceedings of the AAAI Conference on Artificial Intelligence},
  volume={33},
  pages={346--353},
  year={2019}
}

@inproceedings{xiao2019hierarchical,
  title={Hierarchical neural variational model for personalized sequential recommendation},
  author={Xiao, Teng and Liang, Shangsong and Meng, Zaiqiao},
  booktitle={The World Wide Web Conference},
  pages={3377--3383},
  year={2019}
}

@inproceedings{xu2019time,
  title={Time-aware Session Embedding for Click-Through-Rate Prediction},
  author={Xu, Qidi and Xu, Haocheng and Chen, Weilong and Han, Chaojun and Li, Haoyang and Tan, Wenxin and Shen, Fumin and Shen, Heng Tao},
  booktitle={Proceedings of the 27th ACM International Conference on Multimedia},
  pages={2617--2621},
  year={2019}
}

@inproceedings{sottocornola2018session,
  title={Session-based news recommendations},
  author={Sottocornola, Gabriele and Symeonidis, Panagiotis and Zanker, Markus},
  booktitle={Companion Proceedings of the The Web Conference 2018},
  pages={1395--1399},
  year={2018}
}

@inproceedings{xu2019graph,
  title={Graph contextualized self-attention network for session-based recommendation},
  author={Xu, Chengfeng and Zhao, Pengpeng and Liu, Yanchi and Sheng, Victor S and Xu, Jiajie and Zhuang, Fuzhen and Fang, Junhua and Zhou, Xiaofang},
  booktitle={Proc. 28th Int. Joint Conf. Artif. Intell.(IJCAI)},
  pages={3940--3946},
  year={2019}
}

@inproceedings{al2018adaptive,
  title={Adaptive collaborative topic modeling for online recommendation},
  author={Al-Ghossein, Marie and Murena, Pierre-Alexandre and Abdessalem, Talel and Barr{\'e}, Anthony and Cornu{\'e}jols, Antoine},
  booktitle={Proceedings of the 12th ACM Conference on Recommender Systems},
  pages={338--346},
  year={2018}
}

@inproceedings{liu2018stamp,
  title={STAMP: short-term attention/memory priority model for session-based recommendation},
  author={Liu, Qiao and Zeng, Yifu and Mokhosi, Refuoe and Zhang, Haibin},
  booktitle={Proceedings of the 24th ACM SIGKDD International Conference on Knowledge Discovery \& Data Mining},
  pages={1831--1839},
  year={2018}
}

@inproceedings{ma2019hierarchical,
  title={Hierarchical gating networks for sequential recommendation},
  author={Ma, Chen and Kang, Peng and Liu, Xue},
  booktitle={Proceedings of the 25th ACM SIGKDD International Conference on Knowledge Discovery \& Data Mining},
  pages={825--833},
  year={2019}
}
@inproceedings{hidasi2018recurrent,
  title={Recurrent neural networks with top-k gains for session-based recommendations},
  author={Hidasi, Bal{\'a}zs and Karatzoglou, Alexandros},
  booktitle={Proceedings of the 27th ACM International Conference on Information and Knowledge Management},
  pages={843--852},
  year={2018}
}

@inproceedings{cheng2016wide,
  title={Wide \& deep learning for recommender systems},
  author={Cheng, Heng-Tze and Koc, Levent and Harmsen, Jeremiah and Shaked, Tal and Chandra, Tushar and Aradhye, Hrishi and Anderson, Glen and Corrado, Greg and Chai, Wei and Ispir, Mustafa and others},
  booktitle={Proceedings of the 1st workshop on deep learning for recommender systems},
  pages={7--10},
  year={2016}
}

@inproceedings{jugovac_streamingrec:_2018,
  title={Streamingrec: a framework for benchmarking stream-based news recommenders},
  author={Jugovac, Michael and Jannach, Dietmar and Karimi, Mozhgan},
  booktitle={Proceedings of the 12th ACM Conference on Recommender Systems},
  pages={269--273},
  year={2018}
}

@inproceedings{wang_ripplenet:_2018,
  title={Ripplenet: Propagating user preferences on the knowledge graph for recommender systems},
  author={Wang, Hongwei and Zhang, Fuzheng and Wang, Jialin and Zhao, Miao and Li, Wenjie and Xie, Xing and Guo, Minyi},
  booktitle={Proceedings of the 27th ACM International Conference on Information and Knowledge Management},
  pages={417--426},
  year={2018}
}

@article{moreira_news_2018,
	title = {News {Session}-{Based} {Recommendations} using {Deep} {Neural} {Networks}},
	urldate = {2019-09-25},
	journal = {Proceedings of the 3rd Workshop on Deep Learning for Recommender Systems  - DLRS 2018},
	author = {Moreira, Gabriel de Souza P. and Ferreira, Felipe and da Cunha, Adilson Marques},
	year = {2018},
	note = {arXiv: 1808.00076},
	keywords = {news, session-based},
	pages = {15--23}
}

@inproceedings{gulla_adressa_2017,
  title={The adressa dataset for news recommendation},
  author={Gulla, Jon Atle and Zhang, Lemei and Liu, Peng and {\"O}zg{\"o}bek, {\"O}zlem and Su, Xiaomeng},
  booktitle={Proceedings of the international conference on web intelligence},
  pages={1042--1048},
  year={2017}
}

@inproceedings{wang2020make,
  title={Make it a chorus: knowledge-and time-aware item modeling for sequential recommendation},
  author={Wang, Chenyang and Zhang, Min and Ma, Weizhi and Liu, Yiqun and Ma, Shaoping},
  booktitle={Proceedings of the 43rd International ACM SIGIR Conference on Research and Development in Information Retrieval},
  pages={109--118},
  year={2020}
}

@inproceedings{xu_recurrent_2019,
  title={Recurrent convolutional neural network for sequential recommendation},
  author={Xu, Chengfeng and Zhao, Pengpeng and Liu, Yanchi and Xu, Jiajie and S. Sheng, Victor S Sheng and Cui, Zhiming and Zhou, Xiaofang and Xiong, Hui},
  booktitle={The world wide web conference},
  pages={3398--3404},
  year={2019}
}

@inproceedings{guo_streaming_2019,
  title={Streaming session-based recommendation},
  author={Guo, Lei and Yin, Hongzhi and Wang, Qinyong and Chen, Tong and Zhou, Alexander and Quoc Viet Hung, Nguyen},
  booktitle={Proceedings of the 25th ACM SIGKDD International Conference on Knowledge Discovery \& Data Mining},
  pages={1569--1577},
  year={2019}
}

@inproceedings{lee_melu:_2019,
  title={Melu: Meta-learned user preference estimator for cold-start recommendation},
  author={Lee, Hoyeop and Im, Jinbae and Jang, Seongwon and Cho, Hyunsouk and Chung, Sehee},
  booktitle={Proceedings of the 25th ACM SIGKDD International Conference on Knowledge Discovery \& Data Mining},
  pages={1073--1082},
  year={2019}
}

@inproceedings{wu_neural_2019,
  title={Neural news recommendation with multi-head self-attention},
  author={Wu, Chuhan and Wu, Fangzhao and Ge, Suyu and Qi, Tao and Huang, Yongfeng and Xie, Xing},
  booktitle={Proceedings of the 2019 Conference on Empirical Methods in Natural Language Processing and the 9th International Joint Conference on Natural Language Processing (EMNLP-IJCNLP)},
  pages={6389--6394},
  year={2019}
}

@inproceedings{wu_neural_2019-1,
  title={Neural news recommendation with heterogeneous user behavior},
  author={Wu, Chuhan and Wu, Fangzhao and An, Mingxiao and Qi, Tao and Huang, Jianqiang and Huang, Yongfeng and Xie, Xing},
  booktitle={Proceedings of the 2019 Conference on Empirical Methods in Natural Language Processing and the 9th International Joint Conference on Natural Language Processing (EMNLP-IJCNLP)},
  pages={4874--4883},
  year={2019}
}

@inproceedings{epure_recommending_2017,
  title={Recommending personalized news in short user sessions},
  author={Epure, Elena Viorica and Kille, Benjamin and Ingvaldsen, Jon Espen and Deneckere, Rebecca and Salinesi, Camille and Albayrak, Sahin},
  booktitle={Proceedings of the Eleventh ACM Conference on Recommender Systems},
  pages={121--129},
  year={2017}
}

@article{guodeepfm2017,
  title={DeepFM: a factorization-machine based neural network for CTR prediction},
  author={Guo, Huifeng and Tang, Ruiming and Ye, Yunming and Li, Zhenguo and He, Xiuqiang},
  journal={arXiv preprint arXiv:1703.04247},
  year={2017}
}

@article{hidasi2015session,
  title={Session-based recommendations with recurrent neural networks},
  author={Hidasi, Bal{\'a}zs and Karatzoglou, Alexandros and Baltrunas, Linas and Tikk, Domonkos},
  journal={arXiv preprint arXiv:1511.06939},
  year={2015}
}

@inproceedings{wang2019modeling,
  title={Modeling multi-purpose sessions for nextitem recommendations via mixture-channel purpose routing networks},
  author={Wang, Shoujin and Hu, Liang and Wang, Yang and Sheng, Quan Z and Orgun, Mehmet and Cao, Longbing},
  booktitle={Proceedings of the 28th International Joint Conference on Artificial Intelligence},
  pages={1--7},
  year={2019},
  organization={AAAI Press}
}

@inproceedings{dacrema_are_2019,
  title={Are we really making much progress? A worrying analysis of recent neural recommendation approaches},
  author={Dacrema, Maurizio Ferrari and Cremonesi, Paolo and Jannach, Dietmar},
  booktitle={Proceedings of the 13th ACM Conference on Recommender Systems},
  pages={101--109},
  year={2019}
}

@inproceedings{ludewig_performance_2019,
  title={Performance comparison of neural and non-neural approaches to session-based recommendation},
  author={Ludewig, Malte and Mauro, Noemi and Latifi, Sara and Jannach, Dietmar},
  booktitle={Proceedings of the 13th ACM conference on recommender systems},
  pages={462--466},
  year={2019}
}

@inproceedings{wang_neural_2018,
  title={Neural memory streaming recommender networks with adversarial training},
  author={Wang, Qinyong and Yin, Hongzhi and Hu, Zhiting and Lian, Defu and Wang, Hao and Huang, Zi},
  booktitle={Proceedings of the 24th ACM SIGKDD International Conference on Knowledge Discovery \& Data Mining},
  pages={2467--2475},
  year={2018}
}

@inproceedings{wu_recommender_2019,
  title={A recommender system for heterogeneous and time sensitive environment},
  author={Wu, Meng and Zhu, Ying and Yu, Qilian and Rajendra, Bhargav and Zhao, Yunqi and Aghdaie, Navid and Zaman, Kazi A},
  booktitle={Proceedings of the 13th ACM Conference on Recommender Systems},
  pages={210--218},
  year={2019}
}

@inproceedings{lei_tissa_2019,
  title={Tissa: A time slice self-attention approach for modeling sequential user behaviors},
  author={Lei, Chenyi and Ji, Shouling and Li, Zhao},
  booktitle={The World Wide Web Conference},
  pages={2964--2970},
  year={2019}
}

@inproceedings{zhou_variational_2019,
  title={Variational session-based recommendation using normalizing flows},
  author={Zhou, Fan and Wen, Zijing and Zhang, Kunpeng and Trajcevski, Goce and Zhong, Ting},
  booktitle={The World Wide Web Conference},
  pages={3476--3475},
  year={2019}
}

@inproceedings{song_islf_2019,
  title={ISLF: Interest Shift and Latent Factors Combination Model for Session-based Recommendation.},
  author={Song, Jing and Shen, Hong and Ou, Zijing and Zhang, Junyi and Xiao, Teng and Liang, Shangsong},
  booktitle={IJCAI},
  pages={5765--5771},
  year={2019}
}

@inproceedings{lu_quality_2019,
  title={Quality effects on user preferences and behaviorsin mobile news streaming},
  author={Lu, Hongyu and Zhang, Min and Ma, Weizhi and Shao, Yunqiu and Liu, Yiqun and Ma, Shaoping},
  booktitle={The World Wide Web Conference},
  pages={1187--1197},
  year={2019}
}

@inproceedings{smadja_understanding_2019,
  title={Understanding reader backtracking behavior in online news articles},
  author={Smadja, Uzi and Grusky, Max and Artzi, Yoav and Naaman, Mor},
  booktitle={The World Wide Web Conference},
  pages={3237--3243},
  year={2019}
}

@inproceedings{zhang_feature-level_2019,
  title={Feature-level Deeper Self-Attention Network for Sequential Recommendation.},
  author={Zhang, Tingting and Zhao, Pengpeng and Liu, Yanchi and Sheng, Victor S and Xu, Jiajie and Wang, Deqing and Liu, Guanfeng and Zhou, Xiaofang},
  booktitle={IJCAI},
  pages={4320--4326},
  year={2019}
}

@inproceedings{kang_self-attentive_2018,
  title={Self-attentive sequential recommendation},
  author={Kang, Wang-Cheng and McAuley, Julian},
  booktitle={2018 IEEE International Conference on Data Mining (ICDM)},
  pages={197--206},
  year={2018},
  organization={IEEE}
}

@inproceedings{wu2020mind,
  title={Mind: A large-scale dataset for news recommendation},
  author={Wu, Fangzhao and Qiao, Ying and Chen, Jiun-Hung and Wu, Chuhan and Qi, Tao and Lian, Jianxun and Liu, Danyang and Xie, Xing and Gao, Jianfeng and Wu, Winnie and others},
  booktitle={Proceedings of the 58th Annual Meeting of the Association for Computational Linguistics},
  pages={3597--3606},
  year={2020}
}

@inproceedings{zheng2018drn,
  title={DRN: A deep reinforcement learning framework for news recommendation},
  author={Zheng, Guanjie and Zhang, Fuzheng and Zheng, Zihan and Xiang, Yang and Yuan, Nicholas Jing and Xie, Xing and Li, Zhenhui},
  booktitle={Proceedings of the 2018 World Wide Web Conference},
  pages={167--176},
  year={2018}
}

@article{xie2020deep,
  title={Deep Feedback Network for Recommendation},
  author={Xie, Ruobing and Ling, Cheng and Wang, Yalong and Wang, Rui and Xia, Feng and Lin, Leyu},
  journal={Proceedings of IJCAI-PRICAI},
  year={2020}
}

@inproceedings{wu2020deja,
  title={D{\'e}j{\`a} vu: A Contextualized Temporal Attention Mechanism for Sequential Recommendation},
  author={Wu, Jibang and Cai, Renqin and Wang, Hongning},
  booktitle={Proceedings of The Web Conference 2020},
  pages={2199--2209},
  year={2020}
}

@inproceedings{ge2020graph,
  title={Graph enhanced representation learning for news recommendation},
  author={Ge, Suyu and Wu, Chuhan and Wu, Fangzhao and Qi, Tao and Huang, Yongfeng},
  booktitle={Proceedings of The Web Conference 2020},
  pages={2863--2869},
  year={2020}
}

@inproceedings{hu2020graph,
  title={Graph neural news recommendation with unsupervised preference disentanglement},
  author={Hu, Linmei and Xu, Siyong and Li, Chen and Yang, Cheng and Shi, Chuan and Duan, Nan and Xie, Xing and Zhou, Ming},
  booktitle={Proceedings of the 58th Annual Meeting of the Association for Computational Linguistics},
  pages={4255--4264},
  year={2020}
}

@inproceedings{wang2020fine,
  title={Fine-grained Interest Matching for Neural News Recommendation},
  author={Wang, Heyuan and Wu, Fangzhao and Liu, Zheng and Xie, Xing},
  booktitle={Proceedings of the 58th Annual Meeting of the Association for Computational Linguistics},
  pages={836--845},
  year={2020}
}

@inproceedings{wu2020CPRS,
  title     = {User Modeling with Click Preference and Reading Satisfaction for News Recommendation},
  author    = {Wu, Chuhan and Wu, Fangzhao and Qi, Tao and Huang, Yongfeng},
  booktitle = {Proceedings of the Twenty-Ninth International Joint Conference on
               Artificial Intelligence, {IJCAI-20}},
  pages     = {3023--3029},
  year      = {2020}
}
@inproceedings{ludewig2019performance,
  title={Performance comparison of neural and non-neural approaches to session-based recommendation},
  author={Ludewig, Malte and Mauro, Noemi and Latifi, Sara and Jannach, Dietmar},
  booktitle={Proceedings of the 13th ACM conference on recommender systems},
  pages={462--466},
  year={2019}
}

@article{symeonidis2020session,
  title={Session-aware news recommendations using random walks on time-evolving heterogeneous information networks},
  author={Symeonidis, Panagiotis and Kirjackaja, Lidija and Zanker, Markus},
  journal={User Modeling and User-Adapted Interaction},
  pages={1--29},
  year={2020},
  publisher={Springer}
}

@inproceedings{pan2020star,
  title={Star Graph Neural Networks for Session-based Recommendation},
  author={Pan, Zhiqiang and Cai, Fei and Chen, Wanyu and Chen, Honghui and de Rijke, Maarten},
  booktitle={Proceedings of the 29th ACM International Conference on Information \& Knowledge Management},
  pages={1195--1204},
  year={2020}
}

@article{wang2018modeling,
  title={Modeling dynamic missingness of implicit feedback for recommendation},
  author={Wang, Menghan and Gong, Mingming and Zheng, Xiaolin and Zhang, Kun},
  journal={Advances in neural information processing systems},
  volume={31},
  pages={6669},
  year={2018},
  publisher={NIH Public Access}
}

@article{wang2020click,
  title={" Click" Is Not Equal to" Like": Counterfactual Recommendation for Mitigating Clickbait Issue},
  author={Wang, Wenjie and Feng, Fuli and He, Xiangnan and Zhang, Hanwang and Chua, Tat-Seng},
  journal={arXiv preprint arXiv:2009.09945},
  year={2020}
}

@inproceedings{liu2020diversified,
  title={Diversified interactive recommendation with implicit feedback},
  author={Liu, Yong and Xiao, Yingtai and Wu, Qiong and Miao, Chunyan and Zhang, Juyong and Zhao, Binqiang and Tang, Haihong},
  booktitle={Proceedings of the AAAI Conference on Artificial Intelligence},
  volume={34},
  number={04},
  pages={4932--4939},
  year={2020}
}

@inproceedings{lin2020world,
  title={The World Is Not Binary: Learning to Rank with Grayscale Data for Dialogue Response Selection},
  author={Lin, Zibo and Cai, Deng and Wang, Yan and Liu, Xiaojiang and Zheng, Haitao and Shi, Shuming},
  booktitle={Proceedings of the 2020 Conference on Empirical Methods in Natural Language Processing (EMNLP)},
  pages={9220--9229},
  year={2020}
}

@inproceedings{saunshi2019theoretical,
  title={A theoretical analysis of contrastive unsupervised representation learning},
  author={Saunshi, Nikunj and Plevrakis, Orestis and Arora, Sanjeev and Khodak, Mikhail and Khandeparkar, Hrishikesh},
  booktitle={International Conference on Machine Learning},
  pages={5628--5637},
  year={2019},
  organization={PMLR}
}