@inproceedings{yang2018dcfee,
	title={DCFEE: A Document-level Chinese Financial Event Extraction System based on Automatically Labeled Training Data},
	author={Yang, Hang and Chen, Yubo and Liu, Kang and Xiao, Yang and Zhao, Jun},
	booktitle={ACL, System Demonstrations},
	year={2018}
}

@inproceedings{chen2015event,
	title={Event extraction via dynamic multi-pooling convolutional neural networks},
	author={Chen, Yubo and Xu, Liheng and Liu, Kang and Zeng, Daojian and Zhao, Jun},
	booktitle={ACL},
	year={2015}
}

@article{zhang2019joint,
	title={Joint entity and event extraction with generative adversarial imitation learning},
	author={Zhang, Tongtao and Ji, Heng and Sil, Avirup},
	journal={Data Intelligence},
	year={2019},
	publisher={MIT Press}
}

@inproceedings{ha2015gener,
	title={Generating event causality hypotheses through semantic relations},
	author={Hashimoto, Chikara and Torisawa, Kentaro and Kloetzer, Julien and Oh, Jong-Hoon},
	booktitle={AAAI},
	year={2015}
}

@article{Pearl2009,
  title={Causal inference in statistics: An overview},
  author={Pearl, Judea and others},
  journal={Statistics surveys},
  year={2009},
}

@article{waldmann2013causal,
	title={Causal reasoning.},
	author={Waldmann, Michael R and Hagmayer, York},
	year={2013},
}

@article{rissanen1978mdl,
	title={Modeling by shortest data description},
	author={Rissanen, Jorma},
	journal={Automatica},
	year={1978},
	publisher={Elsevier}
}

@inproceedings{Li2016a,
  title={Commonsense knowledge base completion},
  author={Li, Xiang and Taheri, Aynaz and Tu, Lifu and Gimpel, Kevin},
  booktitle={ACL},
  year={2016}
}

@article{devlin2018bert,
	title={BERT: Pre-training of Deep Bidirectional Transformers for Language Understanding},
	author={Devlin, Jacob and Chang, Ming-Wei and Lee, Kenton and Toutanova, Kristina},
	journal={NAACL},
	year={2018}
}

@article{Dunietz2017,
	author = {Dunietz, Jesse and Levin, Lori and Carbonell, Jaime},
	title = {{The BECauSE Corpus 2 . 0 : Annotating Causality and Overlapping Relations}},
	journal ={ACL},
	year = {2017}
}

@article{Radinsky2012,
	author = {Radinsky, Kira and Davidovich, Sagie and Markovitch, Shaul},
	journal = {WWW},
	title = {{Learning Causality for News Events Prediction}},
	year = {2012}
}

@article{Wielemaker2010,
	title = {SWI-Prolog},
	author = {Wielemaker, J A N and Schrijvers, T O M and Triska, Markus and Orn, Torbj},
	Journal ={Theory and Practice of Logic Programming},
	year = {2010}
}

@inproceedings{bordes,
  title={Translating embeddings for modeling multi-relational data},
  author={Bordes, Antoine and Usunier, Nicolas and Garcia-Duran, Alberto and Weston, Jason and Yakhnenko, Oksana},
  booktitle={NeurIPS},
  year={2013}
}

@article{Luo2016a,
	author = {Luo, Zhiyi and Sha, Yuchen and Zhu, Kenny Q and Hwang, Seung-won and Wang, Zhongyuan},
	journal = {KR},
	keywords = {Causality,Full Papers: Reasoning about Actions},
	title = {{Commonsense Causal Reasoning between Short Texts}},
	year = {2016}
}

@article{Speer2016,
	author = {Speer, Robert and Chin, Joshua and Havasi, Catherine},
	keywords = {Special Track on Cognitive Systems},
	title = {{ConceptNet 5.5: An Open Multilingual Graph of General Knowledge}},
	year = {2016}
}

@article{Baker1997,
	author = {Baker, Collin F. and Fillmore, Charles J. and Lowe, John B.},
	journal = {ACL},
	title = {{The Berkeley FrameNet Project}},
	year = {1998}
}

@article{Zhao2017,
	author = {Zhao, Sendong and Wang, Quan and Massung, Sean and Qin, Bing and Liu, Ting and Wang, Bin and Zhai, ChengXiang},
	journal = {WSDM},
	title = {{Constructing and Embedding Abstract Event Causality Networks from Text Snippets}},
	year = {2017}
}

@inproceedings{ding2015deep,
  title={Deep learning for event-driven stock prediction},
  author={Ding, Xiao and Zhang, Yue and Liu, Ting and Duan, Junwen},
  booktitle={Twenty-Fourth International Joint Conference on Artificial Intelligence},
  year={2015}
}

@article{Quinlan1990,
	author = {Quinlan, J. R.},
	journal = {Machine Learning},
	keywords = {Induction,empirical learning,first-order rules,relational data},
	title = {{Learning Logical Definitions from Relations}},
	year = {1990}
}

@inproceedings{Muggleton1997,
	title={Learning from positive data},
	author={Muggleton, Stephen},
	booktitle={International Conference on Inductive Logic Programming},
	year={1996},
}

@article{Wu2012a,
	author = {Wu, Wentao and Li, Hongsong and Wang, Haixun and Zhu, Kenny Q.},
	journal = {SIGMOD},
	title = {{Probase: A probabilistic taxonomy for text understanding}},
	year = {2012}
}

@article{Cui2016,
	author = {Cui, Wanyun and Zhou, Xiyou and Lin, Hangyu and Xiao, Yanghua and Wang, Haixun and Wang, Wei},
	journal = {AAAI},
	title = {{Verb Pattern : A Probabilistic Semantic Representation on Verbs}},
	year = {2016}
}

@article{Zhu,
  title={Incremental learning of system log formats},
  author={Zhu, Kenny Q and Fisher, Kathleen and Walker, David},
  journal={ACM SIGOPS Operating Systems Review},
  year={2010},
}


@inproceedings{Chang2005,
  title={Causal relation extraction using cue phrase and lexical pair probabilities},
  author={Chang, Du-Seong and Choi, Key-Sun},
  booktitle={International Conference on Natural Language Processing},
  year={2004},
}

@inproceedings{Manning,
  title={The Stanford CoreNLP natural language processing toolkit},
  author={Manning, Christopher and Surdeanu, Mihai and Bauer, John and Finkel, Jenny and Bethard, Steven and McClosky, David},
  booktitle={ACL: system demonstrations},
  year={2014}
}

@inproceedings{xu2017,
  title={CN-DBpedia: a never-ending Chinese knowledge extraction system},
  author={Xu, Bo and Xu, Yong and Liang, Jiaqing and Xie, Chenhao and Liang, Bin and Cui, Wanyun and Xiao, Yanghua},
  booktitle={International Conference on Industrial, Engineering and Other Applications of Applied Intelligent Systems},
  year={2017},
}

@article{Niu2011,
	author = {Niu, Xing and Sun, Xinruo and Wang, Haofen and Rong, Shu and Qi, Guilin and Yu, Yong},
	journal = {The Semantic Web–ISWC},
	title = {{Zhishi. me-weaving Chinese linking open data}},
	year = {2011}
}

@article{Bergadano1996,
	author = {Bergadano, Francesco and Gunetti, Daniele},
	title = {{Inductive Logic Programming}},
	year = {1996}
}


@article{Wang2017,
  title={Knowledge graph embedding: A survey of approaches and applications},
  author={Wang, Quan and Mao, Zhendong and Wang, Bin and Guo, Li},
  journal={TKDE},
  year={2017}
}

@inproceedings{de2007problog,
  title={ProbLog: A Probabilistic Prolog and Its Application in Link Discovery.},
  author={De Raedt, Luc and Kimmig, Angelika and Toivonen, Hannu},
  booktitle={IJCAI},
  year={2007},
}

@article{bach:jmlr17,
  Author = {Bach, Stephen H. and Broecheler, Matthias and Huang, Bert and Getoor, Lise},
  Journal = {JMLR},
  Title = {Hinge-Loss {M}arkov Random Fields and Probabilistic Soft Logic},
  Year = {2017}
}

@article{sap2018atomic,
  title={ATOMIC: An Atlas of Machine Commonsense for If-Then Reasoning},
  author={Sap, Maarten and LeBras, Ronan and Allaway, Emily and Bhagavatula, Chandra and Lourie, Nicholas and Rashkin, Hannah and Roof, Brendan and Smith, Noah A and Choi, Yejin},
  journal={AAAI},
  year={2018}
}

@inproceedings{carlson2010toward,
  title={Toward an architecture for never-ending language learning},
  author={Carlson, Andrew and Betteridge, Justin and Kisiel, Bryan and Settles, Burr and Hruschka, Estevam R and Mitchell, Tom M},
  booktitle={AAAI},
  year={2010}
}

@inproceedings{Gal2010AMIE,
	title={AMIE: association rule mining under incomplete evidence in ontological knowledge bases},
	author={Galárraga, L.A. and  Teflioudi  C. and Hose K. and Suchanek, F.M},
	booktitle={WWW},
	year={2013}
}
@article{Galarraga2015,
	author = {Gal{\'{a}}rraga, Luis and Teflioudi, Christina and Hose, Katja and Suchanek, Fabian M.},
	journal = {VLDB Journal},
	title = {{Fast rule mining in ontological knowledge bases with AMIE+}},
	year = {2015}
}

@article{Galarraga2013,
	author = {Gal{\'{a}}rraga, La and Teflioudi, Christina},
	journal = {WWW},
	keywords = {ilp,inductive logic programming,rule mining},
	title = {{Amie: association rule mining under incomplete evidence in ontological knowledge bases}},
	year = {2013}
}


@inproceedings{schoenmackers2010learning,
  title={Learning first-order horn clauses from web text},
  author={Schoenmackers, Stefan and Etzioni, Oren and Weld, Daniel S and Davis, Jesse},
  booktitle={EMNLP},
  year={2010},
}

@book{baeza1999modern,
  title={Modern information retrieval},
  author={Baeza-Yates, Ricardo and Ribeiro-Neto, Berthier and others},
  year={1999},
  publisher={ACM press New York}
}

@inproceedings{cao2007learning,
  title={Learning to rank: from pairwise approach to listwise approach},
  author={Cao, Zhe and Qin, Tao and Liu, Tie-Yan and Tsai, Ming-Feng and Li, Hang},
  booktitle={ICML},
  year={2007},
}

@article{wand1993ontological,
  title={On the ontological expressiveness of information systems analysis and design grammars},
  author={Wand, Yair and Weber, Ron},
  journal={Information Systems Journal},
  volume={3},
  number={4},
  pages={217--237},
  year={1993},
  publisher={Wiley Online Library}
}

@article{oei121992meta,
  title={The meta model hierarchy: a framework for information systems concepts and techniques},
  author={Oei12, JLH and Van Hemmen, LJGT and Falkenberg12, ED and Brinkkemper, S},
  year={1992},
  publisher={Citeseer}
}

@inproceedings{schoenmackers2010learning,
  title={Learning first-order horn clauses from web text},
  author={Schoenmackers, Stefan and Etzioni, Oren and Weld, Daniel S and Davis, Jesse},
  booktitle={Proceedings of the 2010 Conference on Empirical Methods in Natural Language Processing},
  pages={1088--1098},
  year={2010},
  organization={Association for Computational Linguistics}
}