@MISC{website:Probase,
	TITLE = {Probase},
	HOWPUBLISHED = {http://research.microsoft.com/en-us/projects/probase/}  }

@MISC{website:TopicSearch,
	TITLE = "Topic Search",
	HOWPUBLISHED = {http://research.microsoft.com/en-us/projects/probase/topicsearch.aspx}  }

@INPROCEEDINGS{Jones06generatingquery,
    author = {Rosie Jones and Benjamin Rey and Omid Madani},
    title = {Generating query substitutions},
    booktitle = {WWW},
    year = {2006},
    pages = {387--396}
}

@INPROCEEDINGS{Radlinski08optimizingrelevance,
    author = {Filip Radlinski and Andrei Broder and Peter Ciccolo and Evgeniy Gabrilovich and Vanja Josifovski and Lance Riedel},
    title = {Optimizing relevance and revenue in ad search: A query substitution approach},
    booktitle = {SIGIR '08},
    year = {2008}
}

@ARTICLE{Miller95wordnet:a,
    author = {George A. Miller},
    title = {WordNet: A Lexical Database for English},
    journal = {Communications of the ACM},
    year = {1995},
    volume = {38},
    pages = {39--41}
}

@INPROCEEDINGS{Stark98wordnet:an,
    author = {Michael M. Stark and Richard F. Riesenfeld},
    title = {WordNet: An Electronic Lexical Database},
    booktitle = {Proceedings of 11th Eurographics Workshop on Rendering},
    year = {1998},
    publisher = {MIT Press}
}

@INPROCEEDINGS{Klein03accurateunlexicalized,
    author = {Dan Klein and Christopher D. Manning},
    title = {Accurate Unlexicalized Parsing},
    booktitle = {Proceedings of the 41st Annual Meeting of the Association for Computational Linguistics},
    year = {2003},
    pages = {423--430},
    publisher = {}
}

@INPROCEEDINGS{Baeza-yates04queryrecommendation,
    author = {Ricardo Baeza-yates and Carlos Hurtado and Marcelo Mendoza},
    title = {Query recommendation using query logs in search engines},
    booktitle = {International Workshop on Clustering Information over the Web (ClustWeb, in conjunction with EDBT), Creete},
    year = {2004},
    pages = {588--596},
    publisher = {Springer}
}

@INPROCEEDINGS{Zhang06miningsearch,
    author = {Zhiyong Zhang and Olfa Nasraoui},
    title = {Mining Search Engine Query Logs for Query Recommendation},
    booktitle = {Proceedings of the 15th International Conference on World Wide Web (WWW'06},
    year = {2006},
    pages = {1039--1040},
    publisher = {ACM Press}
}

@inproceedings{conf/spire/DupretM05,
  author = {Dupret, Georges and Mendoza, Marcelo},
  editor = {Consens, Mariano P. and Navarro, Gonzalo},
  booktitle = {SPIRE},
  pages = {41-44},
  publisher = {Springer},
  series = {Lecture Notes in Computer Science},
  title = {Recommending Better Queries from Click-Through Data.},
  volume = 3772,
  year = 2005,
}

@inproceedings{Bendersky:2008,
 author = {Bendersky, Michael and Croft, W. Bruce},
 title = {Discovering key concepts in verbose queries},
 booktitle = {Proceedings of the 31st annual international ACM SIGIR conference on Research and development in information retrieval},
 series = {SIGIR '08},
 year = {2008},
 isbn = {978-1-60558-164-4},
 location = {Singapore, Singapore},
 pages = {491--498},
 numpages = {8},
 acmid = {1390419},
 publisher = {ACM},
 address = {New York, NY, USA},
 keywords = {information retrieval, key concepts extraction, verbose queries},
} 

@inproceedings{Bhatia:2011:QSA:2009916.2010023,
 author = {Bhatia, Sumit and Majumdar, Debapriyo and Mitra, Prasenjit},
 title = {Query suggestions in the absence of query logs},
 booktitle = {Proceedings of the 34th international ACM SIGIR conference on Research and development in Information Retrieval},
 series = {SIGIR '11},
 year = {2011},
 isbn = {978-1-4503-0757-4},
 location = {Beijing, China},
 pages = {795--804},
 numpages = {10},
 url = {http://doi.acm.org/10.1145/2009916.2010023},
 doi = {http://doi.acm.org/10.1145/2009916.2010023},
 acmid = {2010023},
 publisher = {ACM},
 address = {New York, NY, USA},
 keywords = {enterprise search, query completion, query formulation, query log analysis, query suggestion},
} 

@inproceedings{semsearch-10,
  author = {Giunchiglia, Fausto and Kharkevich, Uladzimir and Zaihrayeu, Ilya},
  editor = {Bloehdorn, Stephan and Grobelnik, Marko and Mika, Peter and Tran, Duc Thanh},
  booktitle = {Proceedings of the Workshop on Semantic Search (SemSearch 2008) at the 5th European Semantic Web Conference (ESWC 2008) , June 2, 2008, Tenerife, Spain},
  interhash = {76e52af131430f5587d771f7cdbf3f5b},
  intrahash = {96eaae7024861afdd5e66e6f8faf2beb},
  publisher = {CEUR-WS.org},
  series = {CEUR Workshop Proceedings},
  title = {Concept Search: Semantics Enabled Syntactic Search},
  url = {http://ceur-ws.org/Vol-334/paper-10.pdf},
  volume = 334,
  year = 2008,
  timestamp = {2008-05-27T21:11:31.000+0200},
  keywords = {2008 search semantic workshop},
  added-at = {2008-05-27T21:11:31.000+0200},
  biburl = {http://www.bibsonomy.org/bibtex/296eaae7024861afdd5e66e6f8faf2beb/semsearch08}
}

