@inproceedings{fader2011identifying,
  title={Identifying relations for open information extraction},
  author={Fader, Anthony and Soderland, Stephen and Etzioni, Oren},
  booktitle={EMNLP},
  pages={1535--1545},
  year={2011},
}
@inproceedings{cai2013large,
  title={Large-scale Semantic Parsing via Schema Matching and Lexicon Extension.},
  author={Cai, Qingqing and Yates, Alexander},
  booktitle={ACL (1)},
  pages={423--433},
  year={2013},
  organization={Citeseer}
}
@inproceedings{berant2013semantic,
  title={Semantic Parsing on Freebase from Question-Answer Pairs.},
  author={Berant, Jonathan and Chou, Andrew and Frostig, Roy and Liang, Percy},
  booktitle={EMNLP},
  pages={1533--1544},
  year={2013}
}
@inproceedings{carlson2010toward,
  title={Toward an Architecture for Never-Ending Language Learning.},
  author={Carlson, Andrew and Betteridge, Justin and Kisiel, Bryan and Settles, Burr and Hruschka Jr, Estevam R and Mitchell, Tom M},
  booktitle={AAAI},
  volume={5},
  pages={3},
  year={2010}
}
@inproceedings{nakashole2012patty,
  title={PATTY: a taxonomy of relational patterns with semantic types},
  author={Nakashole, Ndapandula and Weikum, Gerhard and Suchanek, Fabian},
  booktitle={EMNLP},
  pages={1135--1145},
  year={2012},
}
@inproceedings{moro2013integrating,
  title={Integrating syntactic and semantic analysis into the open information extraction paradigm},
  author={Moro, Andrea and Navigli, Roberto},
  booktitle={ACL},
  pages={2148--2154},
  year={2013},
  organization={AAAI Press}
}
@incollection{wang2014semantic,
  title={Semantic clustering of relations between named entities},
  author={Wang, Wei and Besan{\c{c}}on, Romaric and Ferret, Olivier and Grau, Brigitte},
  booktitle={Advances in Natural Language Processing},
  pages={358--370},
  year={2014},
  publisher={Springer}
}
@inproceedings{ritter2010latent,
  title={A latent dirichlet allocation method for selectional preferences},
  author={Ritter, Alan and Etzioni, Oren and others},
  booktitle={ACL},
  pages={424--434},
  year={2010},
}
@inproceedings{seaghdha2010latent,
  title={Latent variable models of selectional preference},
  author={S{\'e}aghdha, Diarmuid O},
  booktitle={ACL},
  pages={435--444},
  year={2010},
}
@inproceedings{bollacker2008freebase,
  title={Freebase: a collaboratively created graph database for structuring human knowledge},
  author={Bollacker, Kurt and Evans, Colin and Paritosh, Praveen and Sturge, Tim and Taylor, Jamie},
  booktitle={ACM SIGMOD},
  pages={1247--1250},
  year={2008},
  organization={ACM}
}
@inproceedings{schmitz2012open,
  title={Open language learning for information extraction},
  author={Schmitz, Michael and Bart, Robert and Soderland, Stephen and Etzioni, Oren and others},
  booktitle={EMNLP},
  pages={523--534},
  year={2012},
}
@article{miller1995wordnet,
  title={WordNet: a lexical database for English},
  author={Miller, George A},
  journal={Communications of the ACM},
  volume={38},
  number={11},
  pages={39--41},
  year={1995},
  publisher={ACM}
}
@inproceedings{suchanek2007WWW,
 author = {Fabian M. Suchanek and Gjergji Kasneci and Gerhard Weikum},
 title = {{Yago: A Core of Semantic Knowledge}},
 booktitle = {16th international World Wide Web conference (WWW 2007)},
 year = {2007},
 location = {Banff, Canada},
 publisher = {ACM Press},
 address = {New York, NY, USA}
}
@inproceedings{chang2012sutime,
  title={SUTime: A library for recognizing and normalizing time expressions.},
  author={Chang, Angel X and Manning, Christopher D},
  booktitle={LREC},
  pages={3735--3740},
  year={2012}
}
@article{agirre2002integrating,
  title={Integrating selectional preferences in wordnet},
  author={Agirre, Eneko and Martinez, David},
  journal={arXiv preprint cs/0204027},
  year={2002}
}
@inproceedings{judea2012concept,
  title={Concept-based Selectional Preferences and Distributional Representations from Wikipedia Articles.},
  author={Judea, Alex and Nastase, Vivi and Strube, Michael},
  booktitle={LREC},
  pages={2985--2990},
  year={2012}
}
@article{resnik1996selectional,
  title={Selectional constraints: An information-theoretic model and its computational realization},
  author={Resnik, Philip},
  journal={Cognition},
  volume={61},
  number={1},
  pages={127--159},
  year={1996},
  publisher={Elsevier}
}
@article{blei2003latent,
  title={Latent dirichlet allocation},
  author={Blei, David M and Ng, Andrew Y and Jordan, Michael I},
  journal={the Journal of machine Learning research},
  volume={3},
  pages={993--1022},
  year={2003},
  publisher={JMLR. org}
}
@inproceedings{klein2003accurate,
  title={Accurate unlexicalized parsing},
  author={Klein, Dan and Manning, Christopher D},
  booktitle={ACL},
  pages={423--430},
  year={2003},
}
@inproceedings{lin2012entity,
  title={Entity linking at web scale},
  author={Lin, Thomas and Etzioni, Oren and others},
  booktitle={Proceedings of the Joint Workshop on Automatic Knowledge Base Construction and Web-scale Knowledge Extraction},
  pages={84--88},
  year={2012},
}