
@inproceedings{bengio2009curriculum,
	title={Curriculum learning},
	author={Bengio, Yoshua and Louradour, J{\'e}r{\^o}me and Collobert, Ronan and Weston, Jason},
	booktitle={Proceedings of the 26th annual international conference on machine learning},
	pages={41--48},
	year={2009},
	doi       = {10.1145/1553374.1553380}
}

@inproceedings{liu2018curriculum,
	title={Curriculum Learning for Natural Answer Generation.},
	author={Liu, Cao and He, Shizhu and Liu, Kang and Zhao, Jun and others},
	booktitle={Proceedings of the 27th International Joint Conference on Artificial Intelligence},
	pages={4223--4229},
	year={2018},
	doi       = {10.24963/ijcai.2018/587}
}

@inproceedings{xu2020curriculum,
	title={Curriculum learning for natural language understanding},
	author={Xu, Benfeng and Zhang, Licheng and Mao, Zhendong and Wang, Quan and Xie, Hongtao and Zhang, Yongdong},
	booktitle={Proceedings of the 58th Annual Meeting of the Association for Computational Linguistics},
	pages={6095--6104},
	year={2020},
	doi       = {10.18653/v1/2020.acl-main.542}
}

@inproceedings{kocmi2017curriculum,
	title={Curriculum Learning and Minibatch Bucketing in Neural Machine Translation},
	author={Kocmi, Tom and Bojar, Ond{\v{r}}ej},
	booktitle={Proceedings of the International Conference Recent Advances in Natural	Language Processing},
	pages={379--386},
	year={2017},
	doi       = {10.26615/978-954-452-049-6\_050}
}

@inproceedings{shen2020cdl,
	title={CDL: Curriculum Dual Learning for Emotion-Controllable Response Generation},
	author={Shen, Lei and Feng, Yang},
	booktitle={Proceedings of the 58th Annual Meeting of the Association for Computational Linguistics},
	pages={556--566},
	year={2020},
	doi       = {10.18653/v1/2020.acl-main.52}
}

@inproceedings{zhou2020uncertainty,
	title={Uncertainty-aware curriculum learning for neural machine translation},
	author={Zhou, Yikai and Yang, Baosong and Wong, Derek F and Wan, Yu and Chao, Lidia S},
	booktitle={Proceedings of the 58th Annual Meeting of the Association for Computational Linguistics},
	pages={6934--6944},
	year={2020},
	doi       = {10.18653/v1/2020.acl-main.620}
}

@inproceedings{kumar2019reinforcement,
	title={Reinforcement Learning based Curriculum Optimization for Neural Machine Translation},
	author={Kumar, Gaurav and Foster, George and Cherry, Colin and Krikun, Maxim},
	booktitle={Proceedings of the 2019 Conference of the North American Chapter of the Association for Computational Linguistics: Human Language Technologies, Volume 1 (Long and Short Papers)},
	pages={2054--2061},
	year={2019},
	doi       = {10.18653/v1/n19-1208}
}

@inproceedings{gliwa2019samsum,
	title={SAMSum Corpus: A Human-annotated Dialogue Dataset for Abstractive Summarization},
	author={Gliwa, Bogdan and Mochol, Iwona and Biesek, Maciej and Wawer, Aleksander},
	booktitle={Proceedings of the 2nd Workshop on New Frontiers in Summarization},
	pages={70--79},
	year={2019}
}

@inproceedings{lewis2020bart,
	author    = {Mike Lewis and
	Yinhan Liu and
	Naman Goyal and
	Marjan Ghazvininejad and
	Abdelrahman Mohamed and
	Omer Levy and
	Veselin Stoyanov and
	Luke Zettlemoyer},
	title     = {{BART:} Denoising Sequence-to-Sequence Pre-training for Natural Language
	Generation, Translation, and Comprehension},
	booktitle = {Proceedings of the 58th Annual Meeting of the Association for Computational Linguistics},
	pages     = {7871--7880},
	publisher = {Association for Computational Linguistics},
	year      = {2020},
	doi       = {10.18653/v1/2020.acl-main.703},
}

@article{sun2019dream,
	title={Dream: A challenge dataset and models for dialogue-based reading comprehension},
	author={Sun, Kai and Yu, Dian and Chen, Jianshu and Yu, Dong and Choi, Yejin and Cardie, Claire},
	journal={Transactions of the Association for Computational Linguistics},
	volume={7},
	pages={217--231},
	year={2019},
	publisher={MIT Press}
}

@inproceedings{lin2004rouge,
	title={Rouge: A package for automatic evaluation of summaries},
	author={Lin, Chin-Yew},
	booktitle={Text summarization branches out},
	pages={74--81},
	year={2004}
}

@inproceedings{banerjee2005meteor,
	title={METEOR: An automatic metric for MT evaluation with improved correlation with human judgments},
	author={Banerjee, Satanjeev and Lavie, Alon},
	booktitle={Proceedings of the acl workshop on intrinsic and extrinsic evaluation measures for machine translation and/or summarization},
	pages={65--72},
	year={2005}
}

@inproceedings{zhang2019bertscore,
	title={BERTScore: Evaluating Text Generation with BERT},
	author={Zhang, Tianyi and Kishore, Varsha and Wu, Felix and Weinberger, Kilian Q and Artzi, Yoav},
	booktitle={Proceedings of the 8th International Conference on Learning Representations},
	year={2019}
}

@inproceedings{papineni2002bleu,
	title={Bleu: a method for automatic evaluation of machine translation},
	author={Papineni, Kishore and Roukos, Salim and Ward, Todd and Zhu, Wei-Jing},
	booktitle={Proceedings of the 40th Annual Meeting of the Association for Computational Linguistics},
	pages={311--318},
	year={2002},
	doi       = {10.3115/1073083.1073135}
}

@inproceedings{krishna2020reformulating,
	title={Reformulating Unsupervised Style Transfer as Paraphrase Generation},
	author={Krishna, Kalpesh and Wieting, John and Iyyer, Mohit},
	booktitle={Proceedings of the 2020 Conference on Empirical Methods in Natural	Language Processing},
	pages={737--762},
	year={2020},
	doi       = {10.18653/v1/2020.emnlp-main.55}
}

@inproceedings{xu2012paraphrasing,
	title={Paraphrasing for style},
	author={Xu, Wei and Ritter, Alan and Dolan, William B and Grishman, Ralph and Cherry, Colin},
	booktitle={Proceedings of the 24th International Conference on Computational Linguistics},
	pages={2899--2914},
	year={2012}
}

@article{radford2019language,
	title={Language models are unsupervised multitask learners},
	author={Radford, Alec and Wu, Jeffrey and Child, Rewon and Luan, David and Amodei, Dario and Sutskever, Ilya and others},
	journal={OpenAI blog},
	volume={1},
	number={8},
	pages={9},
	year={2019}
}

@inproceedings{zhou2017neural,
	title={Neural question generation from text: A preliminary study},
	author={Zhou, Qingyu and Yang, Nan and Wei, Furu and Tan, Chuanqi and Bao, Hangbo and Zhou, Ming},
	booktitle={National CCF Conference on Natural Language Processing and Chinese Computing},
	pages={662--671},
	year={2017},
	organization={Springer},
	doi       = {10.1007/978-3-319-73618-1\_56}
}

@inproceedings{rajpurkar2016squad,
	title={SQuAD: 100,000+ Questions for Machine Comprehension of Text},
	author={Rajpurkar, Pranav and Zhang, Jian and Lopyrev, Konstantin and Liang, Percy},
	booktitle={Proceedings of the 2016 Conference on Empirical Methods in Natural Language Processing},
	pages={2383--2392},
	year={2016},
	doi       = {10.18653/v1/d16-1264}
}

@inproceedings{du2017learning,
	title={Learning to Ask: Neural Question Generation for Reading Comprehension},
	author={Du, Xinya and Shao, Junru and Cardie, Claire},
	booktitle={Proceedings of the 55th Annual Meeting of the Association for Computational Linguistics (Volume 1: Long Papers)},
	pages={1342--1352},
	year={2017},
	doi       = {10.18653/v1/P17-1123}
}

@inproceedings{dong2019unified,
	title={Unified language model pre-training for natural language understanding and generation},
	author={Dong, Li and Yang, Nan and Wang, Wenhui and Wei, Furu and Liu, Xiaodong and Wang, Yu and Gao, Jianfeng and Zhou, Ming and Hon, Hsiao-Wuen},
	booktitle={Proceedings of the 33rd International Conference on Neural Information Processing Systems},
	pages={13063--13075},
	year={2019}
}

@InProceedings{HermannKGEKSB15,
	author    = {Karl Moritz Hermann and
	Tom{\'{a}}s Kocisk{\'{y}} and
	Edward Grefenstette and
	Lasse Espeholt and
	Will Kay and
	Mustafa Suleyman and
	Phil Blunsom},
	title     = {Teaching Machines to Read and Comprehend},
	booktitle = {Advances in Neural Information Processing Systems 28: Annual Conference on Neural Information Processing Systems 2015},
	year      = {2015}
}
@inproceedings{liu2021competence,
	title={Competence-based multimodal curriculum learning for medical report generation},
	author={Liu, Fenglin and Ge, Shen and Wu, Xian},
	booktitle={Proceedings of the 59th Annual Meeting of the Association for Computational Linguistics and the 11th International Joint Conference on Natural Language Processing (Volume 1: Long Papers)},
	pages={3001--3012},
	year={2021},
	doi       = {10.18653/v1/2021.acl-long.234}
}

@inproceedings{pang2020text,
	title={Text Generation by Learning from Demonstrations},
	author={Pang, Richard Yuanzhe and He, He},
	booktitle={International Conference on Learning Representations},
	year={2020}
}

@inproceedings{liang-etal-2021-token-wise,
    title = {Token-wise Curriculum Learning for Neural Machine Translation},
    author = {Liang, Chen  and
      Jiang, Haoming  and
      Liu, Xiaodong  and
      He, Pengcheng  and
      Chen, Weizhu  and
      Gao, Jianfeng  and
      Zhao, Tuo},
    booktitle = {Findings of the Association for Computational Linguistics: EMNLP 2021},
    publisher = {Association for Computational Linguistics},
    doi = {10.18653/v1/2021.findings-emnlp.310"},
    pages = {3658--3670}
}

@article{dong2021survey,
	title={A Survey of Natural Language Generation},
	author={Dong, Chenhe and Li, Yinghui and Gong, Haifan and Chen, Miaoxin and Li, Junxin and Shen, Ying and Yang, Min},
	journal={arXiv preprint arXiv:2112.11739},
	year={2021}
}

@inproceedings{singh2018does,
	title={Does Curriculum Learning help Deep Learning for Natural Language Generation?},
	author={Singh, Sandhya and Patel, Kevin and Bhattacharyya, Pushpak and Bhattacharjee, Krishnanjan and Darbari, Hemant and Verma, Seema},
	booktitle={15th International Conference on Natural Language Processing},
	pages={97},
	year={2018}
}

@inproceedings{zhang-etal-2019-curriculum,
	title = {Curriculum Learning for Domain Adaptation in Neural Machine Translation},
	author = {Zhang, Xuan  and
	Shapiro, Pamela  and
	Kumar, Gaurav  and
	McNamee, Paul  and
	Carpuat, Marine  and
	Duh, Kevin},
	booktitle = {Proceedings of the 2019 Conference of the North {A}merican Chapter of the Association for Computational Linguistics: Human Language Technologies, Volume 1 (Long and Short Papers)},
	publisher = {Association for Computational Linguistics},
	url = {https://aclanthology.org/N19-1189},
	doi = {10.18653/v1/N19-1189},
	pages = {1903--1915},
}

@inproceedings{platanios2019competence,
	title={Competence-based Curriculum Learning for Neural Machine Translation},
	author={Platanios, Emmanouil Antonios and Stretcu, Otilia and Neubig, Graham and Pocz{\'o}s, Barnab{\'a}s and Mitchell, Tom},
	booktitle={Proceedings of the 2019 Conference of the North American Chapter of the Association for Computational Linguistics: Human Language Technologies, Volume 1 (Long and Short Papers)},
	pages={1162--1172},
	year={2019},
	doi       = {10.18653/v1/n19-1119}
}

@inproceedings{chang2021does,
	title={Does the Order of Training Samples Matter? Improving Neural Data-to-Text Generation with Curriculum Learning},
	author={Chang, Ernie and Yeh, Hui-Syuan and Demberg, Vera},
	booktitle={Proceedings of the 16th Conference of the European Chapter of the Association for Computational Linguistics: Main Volume},
	pages={727--733},
	year={2021},
	doi       = {10.18653/v1/2021.eacl-main.61}
}

@article{zhang2018empirical,
	title={An empirical exploration of curriculum learning for neural machine translation},
	author={Zhang, Xuan and Kumar, Gaurav and Khayrallah, Huda and Murray, Kenton and Gwinnup, Jeremy and Martindale, Marianna J and McNamee, Paul and Duh, Kevin and Carpuat, Marine},
	journal={arXiv preprint arXiv:1811.00739},
	year={2018}
}

@article{fabbri2021summeval,
	title={Summeval: Re-evaluating summarization evaluation},
	author={Fabbri, Alexander R and Kry{\'s}ci{\'n}ski, Wojciech and McCann, Bryan and Xiong, Caiming and Socher, Richard and Radev, Dragomir},
	journal={Transactions of the Association for Computational Linguistics},
	volume={9},
	pages={391--409},
	year={2021},
	publisher={MIT Press}
}