% Use this file for citations not found in the ACL Anthology (contained in "anthology.bib").


% Journals

% First the Full Name is given, then the abbreviation used in the AMS Math
% Reviews, with an indication if it could not be found there.
% Note the 2nd overwrites the 1st, so swap them if you want the full name.

 %{AMS}
 @String{AMSTrans = "American Mathematical Society Translations" }
 @String{AMSTrans = "Amer. Math. Soc. Transl." }
 @String{BullAMS = "Bulletin of the American Mathematical Society" }
 @String{BullAMS = "Bull. Amer. Math. Soc." }
 @String{ProcAMS = "Proceedings of the American Mathematical Society" }
 @String{ProcAMS = "Proc. Amer. Math. Soc." }
 @String{TransAMS = "Transactions of the American Mathematical Society" }
 @String{TransAMS = "Trans. Amer. Math. Soc." }

 %ACM
 @String{CACM = "Communications of the {ACM}" }
 @String{CACM = "Commun. {ACM}" }
 @String{CompServ = "Comput. Surveys" }
 @String{JACM = "J. ACM" }
 @String{ACMMathSoft = "{ACM} Transactions on Mathematical Software" }
 @String{ACMMathSoft = "{ACM} Trans. Math. Software" }
 @String{SIGNUM = "{ACM} {SIGNUM} Newsletter" }
 @String{SIGNUM = "{ACM} {SIGNUM} Newslett." }

 @String{AmerSocio = "American Journal of Sociology" }
 @String{AmerStatAssoc = "Journal of the American Statistical Association" }
 @String{AmerStatAssoc = "J. Amer. Statist. Assoc." }
 @String{ApplMathComp = "Applied Mathematics and Computation" }
 @String{ApplMathComp = "Appl. Math. Comput." }
 @String{AmerMathMonthly = "American Mathematical Monthly" }
 @String{AmerMathMonthly = "Amer. Math. Monthly" }
 @String{BIT = "{BIT}" }
 @String{BritStatPsych = "British Journal of Mathematical and Statistical
          Psychology" }
 @String{BritStatPsych = "Brit. J. Math. Statist. Psych." }
 @String{CanMathBull = "Canadian Mathematical Bulletin" }
 @String{CanMathBull = "Canad. Math. Bull." }
 @String{CompApplMath = "Journal of Computational and Applied Mathematics" }
 @String{CompApplMath = "J. Comput. Appl. Math." }
 @String{CompPhys = "Journal of Computational Physics" }
 @String{CompPhys = "J. Comput. Phys." }
 @String{CompStruct = "Computers and Structures" }
 @String{CompStruct = "Comput. \& Structures" }
 @String{CompJour = "The Computer Journal" }
 @String{CompJour = "Comput. J." }
 @String{CompSysSci = "Journal of Computer and System Sciences" }
 @String{CompSysSci = "J. Comput. System Sci." }
 @String{Computing = "Computing" }
 @String{ContempMath = "Contemporary Mathematics" }
 @String{ContempMath = "Contemp. Math." }
 @String{Crelle = "Crelle's Journal" }
 @String{GiornaleMath = "Giornale di Mathematiche" }
 @String{GiornaleMath = "Giorn. Mat." } % didn't find in AMS MR., ibid.

 %IEEE
 @String{Computer = "{IEEE} Computer" }
 @String{IEEETransComp = "{IEEE} Transactions on Computers" }
 @String{IEEETransComp = "{IEEE} Trans. Comput." }
 @String{IEEETransAC = "{IEEE} Transactions on Automatic Control" }
 @String{IEEETransAC = "{IEEE} Trans. Automat. Control" }
 @String{IEEESpec = "{IEEE} Spectrum" } % didn't find in AMS MR
 @String{ProcIEEE = "Proceedings of the {IEEE}" }
 @String{ProcIEEE = "Proc. {IEEE}" } % didn't find in AMS MR
 @String{IEEETransAeroElec = "{IEEE} Transactions on Aerospace and Electronic
     Systems" }
 @String{IEEETransAeroElec = "{IEEE} Trans. Aerospace Electron. Systems" }

 @String{IMANumerAna = "{IMA} Journal of Numerical Analysis" }
 @String{IMANumerAna = "{IMA} J. Numer. Anal." }
 @String{InfProcLet = "Information Processing Letters" }
 @String{InfProcLet = "Inform. Process. Lett." }
 @String{InstMathApp = "Journal of the Institute of Mathematics and
     its Applications" }
 @String{InstMathApp = "J. Inst. Math. Appl." }
 @String{IntControl = "International Journal of Control" }
 @String{IntControl = "Internat. J. Control" }
 @String{IntNumerEng = "International Journal for Numerical Methods in
     Engineering" }
 @String{IntNumerEng = "Internat. J. Numer. Methods Engrg." }
 @String{IntSuper = "International Journal of Supercomputing Applications" }
 @String{IntSuper = "Internat. J. Supercomputing Applic." } % didn't find
%% in AMS MR
 @String{Kibernetika = "Kibernetika" }
 @String{JResNatBurStand = "Journal of Research of the National Bureau
     of Standards" }
 @String{JResNatBurStand = "J. Res. Nat. Bur. Standards" }
 @String{LinAlgApp = "Linear Algebra and its Applications" }
 @String{LinAlgApp = "Linear Algebra Appl." }
 @String{MathAnaAppl = "Journal of Mathematical Analysis and Applications" }
 @String{MathAnaAppl = "J. Math. Anal. Appl." }
 @String{MathAnnalen = "Mathematische Annalen" }
 @String{MathAnnalen = "Math. Ann." }
 @String{MathPhys = "Journal of Mathematical Physics" }
 @String{MathPhys = "J. Math. Phys." }
 @String{MathComp = "Mathematics of Computation" }
 @String{MathComp = "Math. Comp." }
 @String{MathScand = "Mathematica Scandinavica" }
 @String{MathScand = "Math. Scand." }
 @String{TablesAidsComp = "Mathematical Tables and Other Aids to Computation" }
 @String{TablesAidsComp = "Math. Tables Aids Comput." }
 @String{NumerMath = "Numerische Mathematik" }
 @String{NumerMath = "Numer. Math." }
 @String{PacificMath = "Pacific Journal of Mathematics" }
 @String{PacificMath = "Pacific J. Math." }
 @String{ParDistComp = "Journal of Parallel and Distributed Computing" }
 @String{ParDistComp = "J. Parallel and Distrib. Comput." } % didn't find
%% in AMS MR
 @String{ParComputing = "Parallel Computing" }
 @String{ParComputing = "Parallel Comput." }
 @String{PhilMag = "Philosophical Magazine" }
 @String{PhilMag = "Philos. Mag." }
 @String{ProcNAS = "Proceedings of the National Academy of Sciences
                    of the USA" }
 @String{ProcNAS = "Proc. Nat. Acad. Sci. U. S. A." }
 @String{Psychometrika = "Psychometrika" }
 @String{QuartMath = "Quarterly Journal of Mathematics, Oxford, Series (2)" }
 @String{QuartMath = "Quart. J. Math. Oxford Ser. (2)" }
 @String{QuartApplMath = "Quarterly of Applied Mathematics" }
 @String{QuartApplMath = "Quart. Appl. Math." }
 @String{RevueInstStat = "Review of the International Statisical Institute" }
 @String{RevueInstStat = "Rev. Inst. Internat. Statist." }

 %SIAM
 @String{JSIAM = "Journal of the Society for Industrial and Applied
     Mathematics" }
 @String{JSIAM = "J. Soc. Indust. Appl. Math." }
 @String{JSIAMB = "Journal of the Society for Industrial and Applied
     Mathematics, Series B, Numerical Analysis" }
 @String{JSIAMB = "J. Soc. Indust. Appl. Math. Ser. B Numer. Anal." }
 @String{SIAMAlgMeth = "{SIAM} Journal on Algebraic and Discrete Methods" }
 @String{SIAMAlgMeth = "{SIAM} J. Algebraic Discrete Methods" }
 @String{SIAMAppMath = "{SIAM} Journal on Applied Mathematics" }
 @String{SIAMAppMath = "{SIAM} J. Appl. Math." }
 @String{SIAMComp = "{SIAM} Journal on Computing" }
 @String{SIAMComp = "{SIAM} J. Comput." }
 @String{SIAMMatrix = "{SIAM} Journal on Matrix Analysis and Applications" }
 @String{SIAMMatrix = "{SIAM} J. Matrix Anal. Appl." }
 @String{SIAMNumAnal = "{SIAM} Journal on Numerical Analysis" }
 @String{SIAMNumAnal = "{SIAM} J. Numer. Anal." }
 @String{SIAMReview = "{SIAM} Review" }
 @String{SIAMReview = "{SIAM} Rev." }
 @String{SIAMSciStat = "{SIAM} Journal on Scientific and Statistical
     Computing" }
 @String{SIAMSciStat = "{SIAM} J. Sci. Statist. Comput." }

 @String{SoftPracExp = "Software Practice and Experience" }
 @String{SoftPracExp = "Software Prac. Experience" } % didn't find in AMS MR
 @String{StatScience = "Statistical Science" }
 @String{StatScience = "Statist. Sci." }
 @String{Techno = "Technometrics" }
 @String{USSRCompMathPhys = "{USSR} Computational Mathematics and Mathematical
     Physics" }
 @String{USSRCompMathPhys = "{U. S. S. R.} Comput. Math. and Math. Phys." }
 @String{VLSICompSys = "Journal of {VLSI} and Computer Systems" }
 @String{VLSICompSys = "J. {VLSI} Comput. Syst." }
 @String{ZAngewMathMech = "Zeitschrift fur Angewandte Mathematik und
     Mechanik" }
 @String{ZAngewMathMech = "Z. Angew. Math. Mech." }
 @String{ZAngewMathPhys = "Zeitschrift fur Angewandte Mathematik und Physik" }
 @String{ZAngewMathPhys = "Z. Angew. Math. Phys." }

% Publishers % ================================================= |

 @String{Academic = "Academic Press" }
 @String{ACMPress = "{ACM} Press" }
 @String{AdamHilger = "Adam Hilger" }
 @String{AddisonWesley = "Addison-Wesley" }
 @String{AllynBacon = "Allyn and Bacon" }
 @String{AMS = "American Mathematical Society" }
 @String{Birkhauser = "Birkha{\"u}ser" }
 @String{CambridgePress = "Cambridge University Press" }
 @String{Chelsea = "Chelsea" }
 @String{ClaredonPress = "Claredon Press" }
 @String{DoverPub = "Dover Publications" }
 @String{Eyolles = "Eyolles" }
 @String{HoltRinehartWinston = "Holt, Rinehart and Winston" }
 @String{Interscience = "Interscience" }
 @String{JohnsHopkinsPress = "The Johns Hopkins University Press" }
 @String{JohnWileySons = "John Wiley and Sons" }
 @String{Macmillan = "Macmillan" }
 @String{MathWorks = "The Math Works Inc." }
 @String{McGrawHill = "McGraw-Hill" }
 @String{NatBurStd = "National Bureau of Standards" }
 @String{NorthHolland = "North-Holland" }
 @String{OxfordPress = "Oxford University Press" }  %address Oxford or London?
 @String{PergamonPress = "Pergamon Press" }
 @String{PlenumPress = "Plenum Press" }
 @String{PrenticeHall = "Prentice-Hall" }
 @String{SIAMPub = "{SIAM} Publications" }
 @String{Springer = "Springer-Verlag" }
 @String{TexasPress = "University of Texas Press" }
 @String{VanNostrand = "Van Nostrand" }
 @String{WHFreeman = "W. H. Freeman and Co." }

%Entries

@inproceedings{ding2002goldenbullet,
  title={Goldenbullet: Automated classification of product data in e-commerce},
  author={Ding, Ying and Korotkiy, M and Omelayenko, Borys and Kartseva, V and Zykov, V and Klein, Michel and Schulten, Ellen and Fensel, Dieter},
  booktitle={Proceedings of the 5th international conference on business information systems},
  year={2002},
  organization={Citeseer}
}

@inproceedings{kozareva2015everyone,
  title={Everyone likes shopping! multi-class product categorization for e-commerce},
  author={Kozareva, Zornitsa},
  booktitle={Proceedings of the 2015 Conference of the North American Chapter of the Association for Computational Linguistics: Human Language Technologies},
  pages={1329--1333},
  year={2015}
}

@inproceedings{cevahir2016large,
  title={Large-scale Multi-class and Hierarchical Product Categorization for an E-commerce Giant},
  author={Cevahir, Ali and Murakami, Koji},
  booktitle={Proceedings of COLING 2016, the 26th International Conference on Computational Linguistics: Technical Papers},
  pages={525--535},
  year={2016}
}

@article{yu2012product,
  title={Product title classification versus text classification},
  author={Yu, Hsiang-Fu and Ho, Chia-Hua and Arunachalam, Prakash and Somaiya, Manas and Lin, Chih-Jen},
  journal={Csie. Ntu. Edu. Tw},
  pages={1--25},
  year={2012},
  publisher={Citeseer}
}

@inproceedings{ha2016large,
  title={Large-scale item categorization in e-commerce using multiple recurrent neural networks},
  author={Ha, Jung-Woo and Pyo, Hyuna and Kim, Jeonghee},
  booktitle={Proceedings of the 22nd ACM SIGKDD International Conference on Knowledge Discovery and Data Mining},
  pages={107--115},
  year={2016}
}

@inproceedings{das2016large,
  title={Large-scale taxonomy categorization for noisy product listings},
  author={Das, Pradipto and Xia, Yandi and Levine, Aaron and Di Fabbrizio, Giuseppe and Datta, Ankur},
  booktitle={2016 IEEE international conference on big data (big data)},
  pages={3885--3894},
  year={2016},
  organization={IEEE}
}

@article{krishnan2019large,
  title={Large scale product categorization using structured and unstructured attributes},
  author={Krishnan, Abhinandan and Amarthaluri, Abilash},
  journal={arXiv preprint arXiv:1903.04254},
  year={2019}
}

@inproceedings{chen2019fine,
  title={Fine-grained product categorization in e-commerce},
  author={Chen, Hongshen and Zhao, Jiashu and Yin, Dawei},
  booktitle={Proceedings of the 28th ACM International Conference on Information and Knowledge Management},
  pages={2349--2352},
  year={2019}
}

@inproceedings{devlin-etal-2019-bert,
    title = "{BERT}: Pre-training of Deep Bidirectional Transformers for Language Understanding",
    author = "Devlin, Jacob  and
      Chang, Ming-Wei  and
      Lee, Kenton  and
      Toutanova, Kristina",
    booktitle = "Proceedings of the 2019 Conference of the North {A}merican Chapter of the Association for Computational Linguistics: Human Language Technologies, Volume 1 (Long and Short Papers)",
    month = jun,
    year = "2019",
    address = "Minneapolis, Minnesota",
    publisher = "Association for Computational Linguistics",
    url = "https://aclanthology.org/N19-1423",
    doi = "10.18653/v1/N19-1423",
    pages = "4171--4186",
}

@article{lee2020cbb,
  title={CBB-FE, CamemBERT and BiT Feature Extraction for Multimodal Product Classification and Retrieval},
  author={Lee, Younghun and Chen, Lei and Xia, Yandi and Chen, Wei-Te},
  year={2020}
}

@inproceedings{yang2020bert,
  title={Bert with Dynamic Masked Softmax and Pseudo Labeling for Hierarchical Product Classification.},
  author={Yang, Li and Shijia, E and Xu, Shiyao and Xiang, Yang},
  booktitle={MWPD@ ISWC},
  year={2020}
}

@inproceedings{hasson2021category,
  title={Category recognition in e-commerce using sequence-to-sequence hierarchical classification},
  author={Hasson, Idan and Novgorodov, Slava and Fuchs, Gilad and Acriche, Yoni},
  booktitle={Proceedings of the 14th ACM International Conference on Web Search and Data Mining},
  pages={902--905},
  year={2021}
}

@article{li2018don,
  title={Don't Classify, Translate: Multi-Level E-Commerce Product Categorization Via Machine Translation},
  author={Li, Maggie Yundi and Kok, Stanley and Tan, Liling},
  journal={arXiv preprint arXiv:1812.05774},
  year={2018}
}

@inproceedings{liu-etal-2019-multi,
    title = "Multi-Task Deep Neural Networks for Natural Language Understanding",
    author = "Liu, Xiaodong  and
      He, Pengcheng  and
      Chen, Weizhu  and
      Gao, Jianfeng",
    booktitle = "Proceedings of the 57th Annual Meeting of the Association for Computational Linguistics",
    month = jul,
    year = "2019",
    address = "Florence, Italy",
    publisher = "Association for Computational Linguistics",
    url = "https://aclanthology.org/P19-1441",
    doi = "10.18653/v1/P19-1441",
    pages = "4487--4496",
}

@inproceedings{xu2019open,
  title={Open-world learning and application to product classification},
  author={Xu, Hu and Liu, Bing and Shu, Lei and Yu, P},
  booktitle={The World Wide Web Conference},
  pages={3413--3419},
  year={2019}
}

@inproceedings{kowsari2017hdltex,
  title={Hdltex: Hierarchical deep learning for text classification},
  author={Kowsari, Kamran and Brown, Donald E and Heidarysafa, Mojtaba and Meimandi, Kiana Jafari and Gerber, Matthew S and Barnes, Laura E},
  booktitle={2017 16th IEEE international conference on machine learning and applications (ICMLA)},
  pages={364--371},
  year={2017},
  organization={IEEE}
}

@inproceedings{sinha-etal-2018-hierarchical,
    title = "A Hierarchical Neural Attention-based Text Classifier",
    author = "Sinha, Koustuv  and
      Dong, Yue  and
      Cheung, Jackie Chi Kit  and
      Ruths, Derek",
    booktitle = "Proceedings of the 2018 Conference on Empirical Methods in Natural Language Processing",
    month = oct # "-" # nov,
    year = "2018",
    address = "Brussels, Belgium",
    publisher = "Association for Computational Linguistics",
    url = "https://aclanthology.org/D18-1094",
    doi = "10.18653/v1/D18-1094",
    pages = "817--823",
}

@article{partalas2015lshtc,
  title={Lshtc: A benchmark for large-scale text classification},
  author={Partalas, Ioannis and Kosmopoulos, Aris and Baskiotis, Nicolas and Artieres, Thierry and Paliouras, George and Gaussier, Eric and Androutsopoulos, Ion and Amini, Massih-Reza and Galinari, Patrick},
  journal={arXiv preprint arXiv:1503.08581},
  year={2015}
}

@inproceedings{babbar2017dismec,
  title={Dismec: Distributed sparse machines for extreme multi-label classification},
  author={Babbar, Rohit and Sch{\"o}lkopf, Bernhard},
  booktitle={Proceedings of the tenth ACM international conference on web search and data mining},
  pages={721--729},
  year={2017}
}

@inproceedings{chen2020hyperbolic,
  title={Hyperbolic interaction model for hierarchical multi-label classification},
  author={Chen, Boli and Huang, Xin and Xiao, Lin and Cai, Zixin and Jing, Liping},
  booktitle={Proceedings of the AAAI Conference on Artificial Intelligence},
  volume={34},
  number={05},
  pages={7496--7503},
  year={2020}
}

@article{khandagale2020bonsai,
  title={Bonsai: diverse and shallow trees for extreme multi-label classification},
  author={Khandagale, Sujay and Xiao, Han and Babbar, Rohit},
  journal={Machine Learning},
  volume={109},
  number={11},
  pages={2099--2119},
  year={2020},
  publisher={Springer}
}

@inproceedings{rebuffi2017icarl,
  title={icarl: Incremental classifier and representation learning},
  author={Rebuffi, Sylvestre-Alvise and Kolesnikov, Alexander and Sperl, Georg and Lampert, Christoph H},
  booktitle={Proceedings of the IEEE conference on Computer Vision and Pattern Recognition},
  pages={2001--2010},
  year={2017}
}

@inproceedings{reimers2019sentence,
  title={Sentence-BERT: Sentence Embeddings using Siamese BERT-Networks},
  author={Reimers, Nils and Gurevych, Iryna},
  booktitle={Proceedings of the 2019 Conference on Empirical Methods in Natural Language Processing and the 9th International Joint Conference on Natural Language Processing (EMNLP-IJCNLP)},
  pages={3982--3992},
  year={2019}
}

@inproceedings{sun2020circle,
  title={Circle loss: A unified perspective of pair similarity optimization},
  author={Sun, Yifan and Cheng, Changmao and Zhang, Yuhan and Zhang, Chi and Zheng, Liang and Wang, Zhongdao and Wei, Yichen},
  booktitle={Proceedings of the IEEE/CVF Conference on Computer Vision and Pattern Recognition},
  pages={6398--6407},
  year={2020}
}

@inproceedings{wang2021self,
  title={Self-tuning for data-efficient deep learning},
  author={Wang, Ximei and Gao, Jinghan and Long, Mingsheng and Wang, Jianmin},
  booktitle={International Conference on Machine Learning},
  pages={10738--10748},
  year={2021},
  organization={PMLR}
}

@inproceedings{chen2021hierarchy,
  title={Hierarchy-aware Label Semantics Matching Network for Hierarchical Text Classification},
  author={Chen, Haibin and Ma, Qianli and Lin, Zhenxi and Yan, Jiangyue},
  booktitle={Proceedings of the 59th Annual Meeting of the Association for Computational Linguistics and the 11th International Joint Conference on Natural Language Processing (Volume 1: Long Papers)},
  pages={4370--4379},
  year={2021}
}

@inproceedings{wang-etal-2021-retrieval,
    title = "Retrieval, Re-ranking and Multi-task Learning for Knowledge-Base Question Answering",
    author = "Wang, Zhiguo  and
      Ng, Patrick  and
      Nallapati, Ramesh  and
      Xiang, Bing",
    booktitle = "Proceedings of the 16th Conference of the European Chapter of the Association for Computational Linguistics: Main Volume",
    month = apr,
    year = "2021",
    address = "Online",
    publisher = "Association for Computational Linguistics",
    pages = "347--357",
}

@inproceedings{liu2017related,
  title={Related pins at pinterest: The evolution of a real-world recommender system},
  author={Liu, David C and Rogers, Stephanie and Shiau, Raymond and Kislyuk, Dmitry and Ma, Kevin C and Zhong, Zhigang and Liu, Jenny and Jing, Yushi},
  booktitle={Proceedings of the 26th international conference on world wide web companion},
  pages={583--592},
  year={2017}
}

@article{bojanowski2017enriching,
  title={Enriching word vectors with subword information},
  author={Bojanowski, Piotr and Grave, Edouard and Joulin, Armand and Mikolov, Tomas},
  journal={Transactions of the association for computational linguistics},
  volume={5},
  pages={135--146},
  year={2017},
  publisher={MIT Press}
}

@inproceedings{wehrmann2018hierarchical,
  title={Hierarchical multi-label classification networks},
  author={Wehrmann, Jonatas and Cerri, Ricardo and Barros, Rodrigo},
  booktitle={International conference on machine learning},
  pages={5075--5084},
  year={2018},
  organization={PMLR}
}

@article{yu2020pecos,
	title={PECOS: Prediction for Enormous and Correlated Output Spaces},
	author={Yu, Hsiang-Fu and Zhong, Kai and Zhang, Jiong and Chang, Wei-Cheng and Dhillon, Inderjit S},
	journal={Journal of Machine Learning Research},
	year={2022}
}

@inproceedings{luo2020alicoco,
  title={AliCoCo: Alibaba e-commerce cognitive concept net},
  author={Luo, Xusheng and Liu, Luxin and Yang, Yonghua and Bo, Le and Cao, Yuanpeng and Wu, Jinghang and Li, Qiang and Yang, Keping and Zhu, Kenny Q},
  booktitle={Proceedings of the 2020 ACM SIGMOD international conference on management of data},
  pages={313--327},
  year={2020}
}

@article{deng2022construction,
  title={Construction and Applications of Open Business Knowledge Graph},
  author={Deng, Shumin and Chen, Hui and Li, Zhoubo and Xiong, Feiyu and Chen, Qiang and Chen, Mosha and Liu, Xiangwen and Chen, Jiaoyan and Pan, Jeff Z and Chen, Huajun and others},
  journal={arXiv preprint arXiv:2209.15214},
  year={2022}
}

@inproceedings{dong2020autoknow,
  title={Autoknow: Self-driving knowledge collection for products of thousands of types},
  author={Dong, Xin Luna and He, Xiang and Kan, Andrey and Li, Xian and Liang, Yan and Ma, Jun and Xu, Yifan Ethan and Zhang, Chenwei and Zhao, Tong and Blanco Saldana, Gabriel and others},
  booktitle={Proceedings of the 26th ACM SIGKDD International Conference on Knowledge Discovery \& Data Mining},
  pages={2724--2734},
  year={2020}
}

@inproceedings{xu2020product,
  title={Product knowledge graph embedding for e-commerce},
  author={Xu, Da and Ruan, Chuanwei and Korpeoglu, Evren and Kumar, Sushant and Achan, Kannan},
  booktitle={Proceedings of the 13th international conference on web search and data mining},
  pages={672--680},
  year={2020}
}

@inproceedings{NIPS2016_16026d60,
	author = {Lamb, Alex M and ALIAS PARTH GOYAL, Anirudh Goyal and Zhang, Ying and Zhang, Saizheng and Courville, Aaron C and Bengio, Yoshua},
	booktitle = {Advances in Neural Information Processing Systems},
	editor = {D. Lee and M. Sugiyama and U. Luxburg and I. Guyon and R. Garnett},
	publisher = {Curran Associates, Inc.},
	title = {Professor Forcing: A New Algorithm for Training Recurrent Networks},
	url = {https://proceedings.neurips.cc/paper/2016/file/16026d60ff9b54410b3435b403afd226-Paper.pdf},
	volume = {29},
	year = {2016},
	bdsk-url-1 = {https://proceedings.neurips.cc/paper/2016/file/16026d60ff9b54410b3435b403afd226-Paper.pdf}}

@article{hinton2015distilling,
  title={Distilling the knowledge in a neural network},
  author={Hinton, Geoffrey and Vinyals, Oriol and Dean, Jeff},
  journal={arXiv preprint arXiv:1503.02531},
  year={2015}
}