@inproceedings{Arvind03:bluespec,
  author    = {Arvind},
  title     = {Bluespec: A language for hardware design, simulation, synthesis
               and verification},
  booktitle = {MEMOCODE},
  year      = {2003},
  pages     = {249-},
  ee        = {http://csdl.computer.org/comp/proceedings/memocode/2003/1923/00/19230249abs.htm},
  bibsource = {DBLP, http://dblp.uni-trier.de}
}

@Book{Grotker-sysC,
  author={T. Gr\"{o}tker and S. Liao and G. Martin and S. Swan},
  title="System Design with SystemC",
  publisher="Springer",
  year=2002}

@Book{HandelC,
  title="Handel-C Language Reference Manual",
  publisher="Agility Design Solutions"}

@Book{AES,
  author={{National} {Institute} of Standards and Technology(U.S.)},
  title="Advanced Encryption Standards ({AES})",
  publisher="{FIPS} Publication"}


@book{Sutherland-systemverilog,
  author={Stuart Sutherland and Simon Davidmann and Peter Flake},
  title={SystemVerilog for Design: A Guide to Using SystemVerilog for
	Hardware Design and Modeling},
  edition="Second",
  publisher={Springer},
  year=2006}

@inproceedings{Compton02:Totem,
  author    = {Katherine Compton and
               Akshay Sharma and
               Shawn Phillips and
               Scott Hauck},
  title     = {Flexible Routing Architecture Generation for Domain-Specific
               Reconfigurable Subsystems},
  booktitle = {FPL},
  year      = {2002},
  pages     = {59-68}
}

@inproceedings{Compton01:Totem,
  author    = {Katherine Compton and
               Scott Hauck},
  title     = {Totem: Custom Reconfigurable Array Generation},
  booktitle = {IEEE Symp. on FPGAs for Custom Computing Machines},
  year      = {2001}
}

@inproceedings{NordinMHP05:Spiral,
  author    = {Grace Nordin and
               Peter A. Milder and
               James C. Hoe and
               Markus P{\"u}schel},
  title     = {Automatic generation of customized discrete fourier transform
               {IP}s},
  booktitle = {DAC},
  year      = {2005},
  pages     = {471-474}
}


