@inproceedings{bollacker2008freebase,
	title={Freebase: a collaboratively created graph database for structuring human knowledge},
	author={Bollacker, Kurt and Evans, Colin and Paritosh, Praveen and Sturge, Tim and Taylor, Jamie},
	booktitle={Proceedings of the 2008 ACM SIGMOD international conference on Management of data},
	pages={1247--1250},
	year={2008},
	organization={AcM}
}
@inproceedings{manning2014stanford,
	title={The Stanford CoreNLP natural language processing toolkit},
	author={Manning, Christopher D and Surdeanu, Mihai and Bauer, John and Finkel, Jenny Rose and Bethard, Steven and McClosky, David},
	booktitle={Proceedings of 52nd annual meeting of the association for computational linguistics: system demonstrations},
	pages={55--60},
	year={2014}
}

@incollection{auer2007dbpedia,
	title={Dbpedia: A nucleus for a web of open data},
	author={Auer, S{\"o}ren and Bizer, Christian and Kobilarov, Georgi and Lehmann, Jens and Cyganiak, Richard and Ives, Zachary},
	booktitle={The semantic web},
	pages={722--735},
	year={2007},
	publisher={Springer}
}
@inproceedings{suchanek2007yago,
	title={Yago: a core of semantic knowledge},
	author={Suchanek, Fabian M and Kasneci, Gjergji and Weikum, Gerhard},
	booktitle={Proceedings of the 16th international conference on World Wide Web},
	pages={697--706},
	year={2007},
	organization={ACM}
}

@article{lenat1995cyc,
	title={CYC: A large-scale investment in knowledge infrastructure},
	author={Lenat, Douglas B},
	journal={Communications of the ACM},
	volume={38},
	number={11},
	pages={33--38},
	year={1995},
	publisher={ACM}
}

@inproceedings{speer2017conceptnet,
	title={Conceptnet 5.5: An open multilingual graph of general knowledge},
	author={Speer, Robert and Chin, Joshua and Havasi, Catherine},
	booktitle={Thirty-First AAAI Conference on Artificial Intelligence},
	year={2017}
}
@inproceedings{sap2019atomic,
	title={Atomic: An atlas of machine commonsense for if-then reasoning},
	author={Sap, Maarten and Le Bras, Ronan and Allaway, Emily and Bhagavatula, Chandra and Lourie, Nicholas and Rashkin, Hannah and Roof, Brendan and Smith, Noah A and Choi, Yejin},
	booktitle={Proceedings of the AAAI Conference on Artificial Intelligence},
	volume={33},
	pages={3027--3035},
	year={2019}
}

@inproceedings{tandon2017webchild,
	title={Webchild 2.0: Fine-grained commonsense knowledge distillation},
	author={Tandon, Niket and De Melo, Gerard and Weikum, Gerhard},
	booktitle={Proceedings of ACL 2017, System Demonstrations},
	pages={115--120},
	year={2017}
}

@article{xu2017automatic,
	title={Automatic extraction of commonsense locatednear knowledge},
	author={Xu, Frank F and Lin, Bill Yuchen and Zhu, Kenny Q},
	journal={arXiv preprint arXiv:1711.04204},
	year={2017}
}

@inproceedings{yatskar2016stating,
	title={Stating the obvious: Extracting visual common sense knowledge},
	author={Yatskar, Mark and Ordonez, Vicente and Farhadi, Ali},
	booktitle={Proceedings of the 2016 Conference of the North American Chapter of the Association for Computational Linguistics: Human Language Technologies},
	pages={193--198},
	year={2016}
}

@inproceedings{tandon2016commonsense,
	title={Commonsense in parts: Mining part-whole relations from the web and image tags},
	author={Tandon, Niket and Hariman, Charles and Urbani, Jacopo and Rohrbach, Anna and Rohrbach, Marcus and Weikum, Gerhard},
	booktitle={Thirtieth AAAI Conference on Artificial Intelligence},
	year={2016}
}

@inproceedings{lin2016neural,
	title={Neural relation extraction with selective attention over instances},
	author={Lin, Yankai and Shen, Shiqi and Liu, Zhiyuan and Luan, Huanbo and Sun, Maosong},
	booktitle={Proceedings of the 54th Annual Meeting of the Association for Computational Linguistics (Volume 1: Long Papers)},
	pages={2124--2133},
	year={2016}
}

@inproceedings{riedel2010modeling,
	title={Modeling relations and their mentions without labeled text},
	author={Riedel, Sebastian and Yao, Limin and McCallum, Andrew},
	booktitle={Joint European Conference on Machine Learning and Knowledge Discovery in Databases},
	pages={148--163},
	year={2010},
	organization={Springer}
}

@inproceedings{mintz2009distant,
	title={Distant supervision for relation extraction without labeled data},
	author={Mintz, Mike and Bills, Steven and Snow, Rion and Jurafsky, Dan},
	booktitle={Proceedings of the Joint Conference of the 47th Annual Meeting of the ACL and the 4th International Joint Conference on Natural Language Processing of the AFNLP: Volume 2-Volume 2},
	pages={1003--1011},
	year={2009},
	organization={Association for Computational Linguistics}
}

@inproceedings{pennington2014glove,
	title={Glove: Global vectors for word representation},
	author={Pennington, Jeffrey and Socher, Richard and Manning, Christopher},
	booktitle={Proceedings of the 2014 conference on empirical methods in natural language processing (EMNLP)},
	pages={1532--1543},
	year={2014}
}

@article{vashishth2018reside,
	title={Reside: Improving distantly-supervised neural relation extraction using side information},
	author={Vashishth, Shikhar and Joshi, Rishabh and Prayaga, Sai Suman and Bhattacharyya, Chiranjib and Talukdar, Partha},
	journal={arXiv preprint arXiv:1812.04361},
	year={2018}
}
@article{xu2019connecting,
	title={Connecting Language and Knowledge with Heterogeneous Representations for Neural Relation Extraction},
	author={Xu, Peng and Barbosa, Denilson},
	journal={arXiv preprint arXiv:1903.10126},
	year={2019}
}

@inproceedings{romero2019commonsense,
	title={Commonsense properties from query logs and question answering forums},
	author={Romero, Julien and Razniewski, Simon and Pal, Koninika and Z. Pan, Jeff and Sakhadeo, Archit and Weikum, Gerhard},
	booktitle={Proceedings of the 28th ACM International Conference on Information and Knowledge Management},
	pages={1411--1420},
	year={2019}
}

@article{zhang2019aser,
	title={ASER: A Large-scale Eventuality Knowledge Graph},
	author={Zhang, Hongming and Liu, Xin and Pan, Haojie and Song, Yangqiu and Wing-Ki, Cane and others},
	journal={arXiv preprint arXiv:1905.00270},
	year={2019}
}

@article{mishra2017domain,
	title={Domain-targeted, high precision knowledge extraction},
	author={Mishra, Bhavana Dalvi and Tandon, Niket and Clark, Peter},
	journal={Transactions of the Association for Computational Linguistics},
	volume={5},
	pages={233--246},
	year={2017},
	publisher={MIT Press}
}

@inproceedings{kim2013context,
	title={Context-dependent conceptualization},
	author={Kim, Dongwoo and Wang, Haixun and Oh, Alice},
	booktitle={Twenty-Third International Joint Conference on Artificial Intelligence},
	year={2013}
}

@inproceedings{zeng2015distant,
	title={Distant supervision for relation extraction via piecewise convolutional neural networks},
	author={Zeng, Daojian and Liu, Kang and Chen, Yubo and Zhao, Jun},
	booktitle={Proceedings of the 2015 conference on empirical methods in natural language processing},
	pages={1753--1762},
	year={2015}
}


@inproceedings{hoffmann2011knowledge,
	title={Knowledge-based weak supervision for information extraction of overlapping relations},
	author={Hoffmann, Raphael and Zhang, Congle and Ling, Xiao and Zettlemoyer, Luke and Weld, Daniel S},
	booktitle={Proceedings of the 49th Annual Meeting of the Association for Computational Linguistics: Human Language Technologies-Volume 1},
	pages={541--550},
	year={2011},
	organization={Association for Computational Linguistics}
}

@article{zeng2014relation,
	title={Relation classification via convolutional deep neural network},
	author={Zeng, Daojian and Liu, Kang and Lai, Siwei and Zhou, Guangyou and Zhao, Jun and others},
	year={2014}
}

@inproceedings{ji2017distant,
	title={Distant supervision for relation extraction with sentence-level attention and entity descriptions},
	author={Ji, Guoliang and Liu, Kang and He, Shizhu and Zhao, Jun},
	booktitle={Thirty-First AAAI Conference on Artificial Intelligence},
	year={2017}
}

@inproceedings{liu2017soft,
	title={A soft-label method for noise-tolerant distantly supervised relation extraction},
	author={Liu, Tianyu and Wang, Kexiang and Chang, Baobao and Sui, Zhifang},
	booktitle={Proceedings of the 2017 Conference on Empirical Methods in Natural Language Processing},
	pages={1790--1795},
	year={2017}
}

@article{zhang2020transomcs,
	title={TransOMCS: From Linguistic Graphs to Commonsense Knowledge},
	author={Zhang, Hongming and Khashabi, Daniel and Song, Yangqiu and Roth, Dan},
	journal={arXiv preprint arXiv:2005.00206},
	year={2020}
}

@article{devlin2018bert,
	title={Bert: Pre-training of deep bidirectional transformers for language understanding},
	author={Devlin, Jacob and Chang, Ming-Wei and Lee, Kenton and Toutanova, Kristina},
	journal={arXiv preprint arXiv:1810.04805},
	year={2018}
}
@inproceedings{yu2015learning,
	title={Learning term embeddings for hypernymy identification},
	author={Yu, Zheng and Wang, Haixun and Lin, Xuemin and Wang, Min},
	booktitle={Twenty-Fourth International Joint Conference on Artificial Intelligence},
	year={2015}
}

@inproceedings{wu2012probase,
	title={Probase: A probabilistic taxonomy for text understanding},
	author={Wu, Wentao and Li, Hongsong and Wang, Haixun and Zhu, Kenny Q},
	booktitle={Proceedings of the 2012 ACM SIGMOD International Conference on Management of Data},
	pages={481--492},
	year={2012}
}
