@online{openstreetmap,
	author = {Steve Coast},
	title = {OpenStreetMap},
	year = 2004,
	url = {http://www.openstreetmap.com},
	urldate = {2016-01-30}
}
@inproceedings{xu2016cross,
	title={Cross-region traffic prediction for China on OpenStreetMap},
	author={Xu, Frank F and Lin, Bill Y and Lu, Qi and Huang, Yifei and Zhu, Kenny Q},
	booktitle={Proceedings of the 9th ACM SIGSPATIAL International Workshop on Computational Transportation Science},
	pages={37--42},
	year={2016},
	organization={ACM}
}
@article{zheng2014urban,
	title={Urban computing: concepts, methodologies, and applications},
	author={Zheng, Yu and Capra, Licia and Wolfson, Ouri and Yang, Hai},
	journal={ACM Transactions on Intelligent Systems and Technology (TIST)},
	volume={5},
	number={3},
	pages={38},
	year={2014},
	publisher={ACM}
}
@inproceedings{wei2016transfer,
	title={Transfer Knowledge between Cities.},
	author={Wei, Ying and Zheng, Yu and Yang, Qiang},
	booktitle={KDD},
	pages={1905--1914},
	year={2016}
}
@article{lin2017road,
	title={Road Traffic Speed Prediction: A Probabilistic Model Fusing Multi-Source Data},
	author={Lin, Lu and Li, Jianxin and Chen, Feng and Ye, Jieping and Huai, Jin-Peng},
	journal={IEEE Transactions on Knowledge and Data Engineering},
	year={2017},
	publisher={IEEE}
}

@article{yao2017short,
	title={Short-Term Traffic Speed Prediction for an Urban Corridor},
	author={Yao, Baozhen and Chen, Chao and Cao, Qingda and Jin, Lu and Zhang, Mingheng and Zhu, Hanbing and Yu, Bin},
	journal={Computer-Aided Civil and Infrastructure Engineering},
	volume={32},
	number={2},
	pages={154--169},
	year={2017},
	publisher={Wiley Online Library}
}

@misc{coordinatechange,
    title = {EvilTransform},
    author = {Googol Lee},
    year = 2015,
    howpublished = "\url{https://github.com/googollee/eviltransform/}"
}

@online{mct,
    title = {Major domestic tile map system and calculation},
	year = 2016,
	url = {http://cntchen.github.io},
	uldate = {2016-05-09}
}

@misc{github,
    title = {openstreetmap-website},
	year = 2016,
	url = {http://github.com/openstreetmap/openstreetmap-website},
	uldate = {2016-06-23}
}

@article{multisvm,
  title={Geometric Construction Method of Linear SVM Multi-class Classifier},
  author={Tang, Ying and Ying-Zhen, L. I.},
  journal={Computer Engineering},
  volume={38},
  number={04},
  pages={152-154},
  year={2012},
			  }

@article{pedregosa2011scikit,
	title={Scikit-learn: Machine learning in Python},
	author={Pedregosa, Fabian and Varoquaux, Ga{\"e}l and Gramfort, Alexandre and Michel, Vincent and Thirion, Bertrand and Grisel, Olivier and Blondel, Mathieu and Prettenhofer, Peter and Weiss, Ron and Dubourg, Vincent and others},
	journal={The Journal of Machine Learning Research},
	volume={12},
	pages={2825--2830},
	year={2011},
	publisher={JMLR. org}
}

@article{fan2008liblinear,
	title={{LIBLINEAR}: A library for large linear classification},
	author={Fan, Rong-En and Chang, Kai-Wei and Hsieh, Cho-Jui and Wang, Xiang-Rui and Lin, Chih-Jen},
	journal={The Journal of Machine Learning Research},
	volume={9},
	pages={1871--1874},
	year={2008},
	publisher={JMLR. org}
}

@article{chang2011libsvm,
	title={{LIBSVM}: a library for support vector machines},
	author={Chang, Chih-Chung and Lin, Chih-Jen},
	journal={ACM Transactions on Intelligent Systems and Technology (TIST)},
	volume={2},
	number={3},
	pages={27},
	year={2011},
	publisher={ACM}
}

@article{cortes1995support,
	title={Support-vector networks},
	author={Cortes, Corinna and Vapnik, Vladimir},
	journal={Machine learning},
	volume={20},
	number={3},
	pages={273--297},
	year={1995},
	publisher={Springer}
}

@incollection{knerr1990single,
	title={Single-layer learning revisited: a stepwise procedure for building and training a neural network},
	author={Knerr, Stefan and Personnaz, L{\'e}on and Dreyfus, G{\'e}rard},
	booktitle={Neurocomputing},
	pages={41--50},
	year={1990},
	publisher={Springer}
}

@article{freund1997decision,
	title={A decision-theoretic generalization of on-line learning and an application to boosting},
	author={Freund, Yoav and Schapire, Robert E},
	journal={Journal of computer and system sciences},
	volume={55},
	number={1},
	pages={119--139},
	year={1997},
	publisher={Elsevier}
}

@article{hastie2005elements,
	title={The elements of statistical learning: data mining, inference and prediction},
	author={Hastie, Trevor and Tibshirani, Robert and Friedman, Jerome and Franklin, James},
	journal={The Mathematical Intelligencer},
	volume={27},
	number={2},
	pages={83--85},
	year={2005},
	publisher={Springer}
}

@article{fan2005working,
	title={Working set selection using second order information for training support vector machines},
	author={Fan, Rong-En and Chen, Pai-Hsuen and Lin, Chih-Jen},
	journal={The Journal of Machine Learning Research},
	volume={6},
	pages={1889--1918},
	year={2005},
	publisher={JMLR. org}
}

@article{sarle1997neural,
	title={Neural network FAQ},
	author={Sarle, Warren S and others},
	journal={Periodic posting to the Usenet newsgroup comp. ai. neural-nets},
	year={1997}
}

@article{Colak2016,
	author = {{\c{C}}olak, Serdar and Lima, Antonio and Gonz{\'{a}}lez, Marta C},
	doi = {10.1038/ncomms10793},
	journal = {Nature communications},
	pages = {10793},
	title = {{Understanding congested travel in urban areas.}},
	url = {http://www.nature.com/ncomms/2016/160315/ncomms10793/full/ncomms10793.html},
	volume = {7},
	year = {2016}
}
@article{Horvitz2012,
	author = {Horvitz, Eric J. and Apacible, Johnson and Sarin, Raman and Liao, Lin},
	journal = {Conference on Uncertainty in Artificial Intelligence},
	pages = {1--10},
	title = {{Prediction, Expectation, and Surprise: Methods, Designs, and Study of a Deployed Traffic Forecasting Service}},
	year = {2012}
}
@article{Mchugh2015,
	author = {Mchugh, Declan},
	title = {{Traffic Prediction and Analysis using a Big Data and Visualisation Approach}},
	year = {2015}
}
@article{Pan2012,
	author = {Pan, Bei and Demiryurek, Ugur and Shahabi, Cyrus},
	journal = {Proceedings - IEEE International Conference on Data Mining, ICDM},
	pages = {595--604},
	title = {{Utilizing real-world transportation data for accurate traffic prediction}},
	year = {2012}
}
@article{Qi2014,
	author = {Qi, Yan and Ishak, Sherif},
	journal = {Transportation Research Part C: Emerging Technologies},
	pages = {95--111},
	title = {{A Hidden Markov Model for short term prediction of traffic conditions on freeways}},
	volume = {43},
	year = {2014}
}
@article{Ren2014,
	author = {Ren, Yihui and Ercsey-Ravasz, M{\'{a}}ria and Wang, Pu and Gonz{\'{a}}lez, Marta C and Toroczkai, Zolt{\'{a}}n},
	journal = {Nature communications},
	pages = {5347},
	title = {{Predicting commuter flows in spatial networks using a radiation model based on temporal ranges.}},
	volume = {5},
	year = {2014}
}
@article{Schnitzler2014,
	author = {Schnitzler, Fran??ois and Liebig, Thomas and Mannor, Shie and Morik, Katharina},
	journal = {CEUR Workshop Proceedings},
	number = {2},
	pages = {373--374},
	title = {{Combining a gauss-markov model and gaussian process for traffic prediction in dublin city center}},
	volume = {1133},
	year = {2014}
}
@article{Simini2012,
	author = {Simini, Filippo and Gonz{\'{a}}lez, Marta C and Maritan, Amos and Barab{\'{a}}si, Albert-L{\'{a}}szl{\'{o}}},
	journal = {Nature},
	number = {7392},
	pages = {96--100},
	title = {{A universal model for mobility and migration patterns}},
	volume = {484},
	year = {2012}
}
@article{Xu2015,
	author = {Xu, Jie and Deng, Dingxiong and Demiryurek, Ugur and Shahabi, Cyrus and Schaar, Mihaela Van Der},
	doi = {10.1109/ICDMW.2014.102},
	file = {:D$\backslash$:/Research/Traffic Prediction/Papers/xu-sstdm14.pdf:pdf},
	isbn = {9781479942749},
	issn = {23759259},
	journal = {IEEE International Conference on Data Mining Workshops, ICDMW},
	number = {January},
	pages = {43--46},
	title = {{Context-aware online spatiotemporal traffic prediction}},
	volume = {2015-Janua},
	year = {2015}
}
@article{Xu2015a,
	author = {Xu, Jie and Deng, Dingxiong and Demiryurek, Ugur and Shahabi, Cyrus and Schaar, Mihaela Van Der},
	journal = {IEEE Journal on Selected Topics in Signal Processing},
	number = {4},
	pages = {702--715},
	title = {{Mining the Situation: Spatiotemporal Traffic Prediction with Big Data}},
	volume = {9},
	year = {2015}
}
@article{Xu2014,
	author = {Xu, Yanyan and Kong, Qing Jie and Klette, Reinhard and Liu, Yuncai},
	journal = {IEEE Transactions on Intelligent Transportation Systems},
	number = {6},
	pages = {2457--2469},
	title = {{Accurate and interpretable bayesian MARS for traffic flow prediction}},
	volume = {15},
	year = {2014}
}
@article{ frey07affinitypropagation,
	author = "Brendan J. Frey and Delbert Dueck",
	title = "Clustering by Passing Messages Between Data Points",
	journal = "Science",
	volume = "315",
	pages = "972--976",
	year = "2007",
	url = "www.psi.toronto.edu/affinitypropagation" }
@ARTICLE{4082128, 
	author={P. E. Hart and N. J. Nilsson and B. Raphael}, 
	journal={IEEE Transactions on Systems Science and Cybernetics}, 
	title={A Formal Basis for the Heuristic Determination of Minimum Cost Paths}, 
	year={1968}, 
	volume={4}, 
	number={2}, 
	pages={100-107}, 
	keywords={Automatic control;Automatic programming;Chemical technology;Costs;Functional programming;Gradient methods;Instruction sets;Mathematical programming;Minimax techniques;Minimization methods}, 
	doi={10.1109/TSSC.1968.300136}, 
	ISSN={0536-1567}, 
	month={July},}
@article{dijkstra1959note,
	title={A note on two problems in connexion with graphs},
	author={Dijkstra, Edsger W},
	journal={Numerische mathematik},
	volume={1},
	number={1},
	pages={269--271},
	year={1959},
	publisher={Springer}
}

@article{osuna1997support,
	title={Support vector machines: Training and applications},
	author={Osuna, Edgar and Freund, Robert and Girosi, Federico},
	year={1997}
}

@article{chawla2002smote,
	title={SMOTE: synthetic minority over-sampling technique},
	author={Chawla, Nitesh V. and Bowyer, Kevin W. and Hall, Lawrence O. and Kegelmeyer, W. Philip},
	journal={Journal of artificial intelligence research},
	pages={321--357},
	year={2002}
}


@article{Chan2012Neural,

	author={Chan, Kit Yan and Dillon, Tharam S. and Singh, Jaipal and Chang, Elizabeth},
	title={Neural-Network-Based Models for Short-Term Traffic Flow Forecasting Using a Hybrid Exponential Smoothing and Levenberg-Marquardt Algorithm},
 	author={Chan, Kit Yan and Dillon, Tharam S. and Singh, Jaipal and Chang, Elizabeth},
 	journal={IEEE Transactions on Intelligent Transportation Systems},
 	volume={13},
 	number={2},
 	pages={644-654},
 	year={2012}
}


@article{zhang2014hybrid,
  title={A hybrid short-term traffic flow forecasting method based on spectral analysis and statistical volatility model},
  author={Zhang, Yanru and Zhang, Yunlong and Haghani, Ali},
  journal={Transportation Research Part C: Emerging Technologies},
  volume={43},
  pages={65--78},
  year={2014},
  publisher={Elsevier}
}

@inproceedings{Petrlik2015Towards,
  title={Towards Robust and Accurate Traffic Prediction Using Parallel Multiobjective Genetic Algorithms and Support Vector Regression},
  author={Petrlik, J. and Sekanina, L.},
  booktitle={IEEE  International Conference on Intelligent Transportation Systems},
  pages={2231-2236},
  year={2015},
}

@inproceedings{Zhang2015Hybrid,
  title={Hybrid Traffic Speed Modeling and Prediction Using Real-World Data},
  author={Zhang, Rong and Shu, Yuanchao and Yang, Zequ and Cheng, Peng},
  booktitle={IEEE International Congress on Big Data},
  year={2015},
}

@inproceedings{Bierlaire1998DynaMIT,
  title={{DynaMIT}: a simulation-based system for traffic prediction and guidance generation},
  author={Bierlaire, Michel},
  booktitle={TRISTAN III},
  year={1998}
}

@article{Clark2003Traffic,
  title={Traffic Prediction Using Multivariate Nonparametric Regression},
  author={Clark, Stephen},
  journal={Journal of Transportation Engineering},
  volume={129},
  number={2},
  pages={161-168},
  year={2003},
}
@article{Gehrke2014NATURAL,
  title={NATURAL INDUCTION APPROACH TO TRAFFIC PREDICTION FOR AUTONOMOUS AGENT-BASED VEHICLE ROUTE PLANNING},
  author={Gehrke, Jan D. and Wojtusiak, Janusz and Gehrke, Jan D.},
  year={2014},
}

@inproceedings{KDD2011Driving,
  title={Driving with knowledge from the physical world},
  author={Yuan, Jing and Zheng, Yu and Xie, Xing and Sun, Guangzhong},
  booktitle={ACM SIGKDD International Conference on Knowledge Discovery and Data Mining, San Diego, Ca, Usa, August},
  pages={316-324},
  year={2011},
  publisher = {KDD 2011},
  url = {https://www.microsoft.com/en-us/research/publication/driving-with-knowledge-from-the-physical-world/}
  
}

@book{ARIMA,
  title={Box and Jenkins: Time Series Analysis, Forecasting and Control},
  author={Box, George},
  publisher={Palgrave Macmillan UK},
  year={2013},
}

@article{ES,
  title={SHORT-RANGE INTERCITY TRAFFIC FORECASTING USING ECONOMETRIC TECHNIQUES},
  author={Marshment, R S and Dauffenbach, R C and Penn, D A},
  journal={Ite Journal},
  volume={66},
  number={2},
  pages={37,40-43},
  year={1996},
}


@article{ES2,
  title={URBAN FREEWAY TRAFFIC FLOW PREDICTION: APPLICATION OF SEASONAL AUTOREGRESSIVE INTEGRATED MOVING AVERAGE AND EXPONENTIAL SMOOTHING MODELS},
  author={Williams, Billy and Durvasula, Priya and Brown, Donald},
  journal={Transportation Research Record},
  volume={1644},
  number={1644},
  pages={132-141},
  year={1998},
}

@article{Xiao2003Fuzzy,
  title={Fuzzy-Neural Network Traffic Prediction Framework with Wavelet Decomposition},
  author={Xiao, Heng and Sun, Hongyu and Ran, Bin},
  journal={Transportation Research Record Journal of the Transportation Research Board},
  volume={1836},
  number={1},
  year={2003},
}

@article{Ishak2004Optimizing,
  title={Optimizing Traffic Prediction Performance of Neural Networks under Various Topological, Input, and Traffic Condition Settings},
  author={Ishak, Sherif and Alecsandru, Ciprian and Graduate Student},
  journal={Journal of Transportation Engineering},
  volume={130},
  number={4},
  pages={452-465},
  year={2004},
}
@article{Lint2005Accurate,
  title={Accurate freeway travel time prediction with state-space neural networks under missing data},
  author={Lint, J. W. C. Van and Hoogendoorn, S. P. and Zuylen, H. J. Van},
  journal={Transportation Research Part C Emerging Technologies},
  volume={13},
  number={5â6},
  pages={347-369},
  year={2005},
}
@book{Stephanedes1981IMPROVED,
  title={Improved estimation of traffic flow for real-time control.},
  author={Stephanedes, Yorgos J and Michalopoulos, Panos G and Plum, Roger A},
  year={1981},
}

@article{Messer1998Short,
  title={Short-Term Freeway Traffic Volume Forecasting Using Radial Basis Function Neural Network},
  author={Messer, Carroll and Thomas Urbanik, I. I.},
  journal={Transportation Research Record Journal of the Transportation Research Board},
  volume={1651},
  number={1},
  pages={39-47},
  year={1998},
}

@article{Chawla2011SMOTE,
 title={{SMOTE}: synthetic minority over-sampling technique},
 author={Chawla, Nitesh V. and Bowyer, Kevin W. and Hall, Lawrence O. and Kegelmeyer, W. Philip},
 journal={Journal of Artificial Intelligence Research},
 volume={16},
 number={1},
 pages={321-357},
 year={2011},
}

@article{S2015SMOTE,
 title={{SMOTE-IPF}: Addressing the noisy and borderline examples problem in imbalanced classification by a re-sampling method with filtering},
 author={S\'{a}ez, Jos\'{e'} A. and Luengo, Juli\'{a}n and Stefanowski, 
Jerzy and Herrera, Francisco},
 journal={Information Sciences},
 volume={291},
 number={5},
 pages={184-203},
 year={2015},
}


@article{psh,
 title={A Effective Method of Transformation between {WGS-84} and Local Coordinate System},
 author={Chao-ming Liao, Wei-ping Jiang, Yun-sen Qin},
 journal={ Bulletin of Surveying and Mapping},
 year={2008},
}

@article{14,
 title={Semi-Supervised Learning Literature Survey},
 author={Zhu, Xiaojin},
 journal={Computer Science},
 volume={37},
 number={1},
 pages={63-77},
 year={2008},
}
@article{15,
 title={Text Classification from Labeled and Unlabeled Documents using EM},
 author={Nigam, Kamal and Mccallum, Andrew Kachites and Thrun, Sebastian and Mitchell, Tom},
 journal={Machine Learning},
 volume={39},
 number={2-3},
 pages={103-134},
 year={2000},
}
@inproceedings{16,
 title={Combining Labeled and Unlabeled Sata with Co-Training},
 author={Blum, Avrim and Mitchell, Tom M.},
 booktitle={Eleventh Conference on Computational Learning Theory, COLT 1998, Madison, Wisconsin, Usa, July},
 pages={92-100},
 year={1998},
}

@article{17,
 title={Transductive Inference for Text Classification Using Support Vector Machines},
 author={Joachims, Thorsten},
 year={2015},
}


@article{Pan:Survey,
 title={A Survey on Transfer Learning},
 author={Pan, Sinno Jialin and Yang, Qiang},
 journal={IEEE Transactions on Knowledge \& Data Engineering},
 volume={22},
 number={10},
 pages={1345-1359},
 year={2010}
}

@article{Taylor:Survey,
 title={Transfer Learning for Reinforcement Learning Domains: A Survey.},
 author={Taylor, Matthew E. and Stone, Peter},
 journal={Journal of Machine Learning Research},
 volume={10},
 number={10},
 pages={1633-1685},
 year={2009}
}

@article{Batista:2004:SBS:1007730.1007735,
	author = {Batista, Gustavo E. A. P. A. and Prati, Ronaldo C. and Monard, Maria Carolina},
	title = {A Study of the Behavior of Several Methods for Balancing Machine Learning Training Data},
	journal = {SIGKDD Explor. Newsl.},
	issue_date = {June 2004},
	volume = {6},
	number = {1},
	month = jun,
	year = {2004},
	issn = {1931-0145},
	pages = {20--29},
	numpages = {10},
	url = {http://doi.acm.org/10.1145/1007730.1007735},
	doi = {10.1145/1007730.1007735},
	acmid = {1007735},
	publisher = {ACM},
	address = {New York, NY, USA},
} 
@article{DBLP:journals/corr/SmithTHH17,
	author    = {Samuel L. Smith and
	David H. P. Turban and
	Steven Hamblin and
	Nils Y. Hammerla},
	title     = {Offline bilingual word vectors, orthogonal transformations and the
	inverted softmax},
	journal   = {ICLR},
	volume    = {abs/1702.03859},
	year      = {2017}, 
}
@article{DBLP:journals/tacl/Berend17,
	author    = {G{\'{a}}bor Berend},
	title     = {Sparse Coding of Neural Word Embeddings for Multilingual Sequence
	Labeling},
	journal   = {{TACL}},
	volume    = {5},
	pages     = {247--261},
	year      = {2017}, 
}
@article{ammar2016massively,
	title={Massively multilingual word embeddings},
	author={Ammar, Waleed and Mulcaire, George and Tsvetkov, Yulia and Lample, Guillaume and Dyer, Chris and Smith, Noah A},
	journal={arXiv preprint arXiv:1602.01925},
	year={2016}
}
@article{duong2016learning,
	title={Learning crosslingual word embeddings without bilingual corpora},
	author={Duong, Long and Kanayama, Hiroshi and Ma, Tengfei and Bird, Steven and Cohn, Trevor},
	journal={arXiv preprint arXiv:1606.09403},
	year={2016}
}
@inproceedings{camacho2017semeval,
	title={Semeval-2017 task 2: Multilingual and cross-lingual semantic word similarity},
	author={Camacho-Collados, Jose and Pilehvar, Mohammad Taher and Collier, Nigel and Navigli, Roberto},
	booktitle={SemEval},
	year={2017}
}
@article{ruder2017survey,
	title={A survey of cross-lingual embedding models},
	author={Ruder, Sebastian},
	journal={arXiv preprint arXiv:1706.04902},
	year={2017}
}
@article{eom2013highlighting,
	title={Highlighting entanglement of cultures via ranking of multilingual Wikipedia articles},
	author={Eom, Young-Ho and Shepelyansky, Dima L},
	journal={PloS one},
	volume={8},
	number={10},
	pages={e74554},
	year={2013},
	publisher={Public Library of Science}
}
@article{upadhyay2016cross,
	title     = {Proceedings of the 54th Annual Meeting of the Association for Computational
	Linguistics, {ACL} 2016, August 7-12, 2016, Berlin, Germany, Volume
	1: Long Papers},
	publisher = {The Association for Computer Linguistics},
	year      = {2016}, 
	isbn      = {978-1-945626-00-5}, 
	bibsource = {dblp computer science bibliography, http://dblp.org}
}
@inproceedings{hu2013dude,
	title={Dude, srsly?: The Surprisingly Formal Nature of Twitter's Language.},
	author={Hu, Yuheng and Talamadupula, Kartik and Kambhampati, Subbarao and others},
	booktitle={ICWSM},
	year={2013}
}
@inproceedings{luong2015bilingual,
	title={Bilingual word representations with monolingual quality in mind},
	author={Luong, Thang and Pham, Hieu and Manning, Christopher D},
	booktitle={Proceedings of the 1st Workshop on Vector Space Modeling for Natural Language Processing},
	pages={151--159},
	year={2015}
}

@article{Bengio2000ANP,
	title={A Neural Probabilistic Language Model},
	author={Yoshua Bengio and R{\'e}jean Ducharme and Pascal Vincent and Christian Janvin},
	journal={Journal of Machine Learning Research},
	year={2000},
	volume={3},
	pages={1137-1155}
}
@inproceedings{chen2015joint,
	title={Joint Learning of Character and Word Embeddings.},
	author={Chen, Xinxiong and Xu, Lei and Liu, Zhiyuan and Sun, Maosong and Luan, Huan-Bo},
	booktitle={IJCAI},
	pages={1236--1242},
	year={2015}
}
@inproceedings{Le2014DistributedRO,
	title={Distributed Representations of Sentences and Documents},
	author={Quoc V. Le and Tomas Mikolov},
	booktitle={ICML},
	year={2014}
}
@inproceedings{Vicente2016TweetMTAP,
	title={TweetMT: A Parallel Microblog Corpus},
	author={I{\~n}aki San Vicente and I{\~n}aki Alegria and Cristina Espa{\~n}a-Bonet and Pablo Gamallo and Hugo GonÃ§alo Oliveira and Eva Mart{\'i}nez Garcia and Antonio Toral and Arkaitz Zubiaga and Nora Aranberri},
	booktitle={LREC},
	year={2016}
}

@inproceedings{ling2014crowdsourcing,
	title={Crowdsourcing high-quality parallel data extraction from Twitter},
	author={Ling, Wang and Marujo, Luis and Dyer, Chris and Black, Alan and Trancoso, Isabel},
	booktitle={In Proceedings of the Ninth Workshop on Statistical Machine Translation (WMT},
	year={2014},
	organization={Citeseer}
}

@inproceedings{Garimella2016IdentifyingCD,
	title={Identifying Cross-Cultural Differences in Word Usage},
	author={Aparna Garimella and Rada Mihalcea and James W. Pennebaker},
	booktitle={COLING},
	year={2016}
}


@article{kovcisky2014learning,
	title={Learning bilingual word representations by marginalizing alignments},
	author={Ko{\v{c}}isk{\`y}, Tom{\'a}{\v{s}} and Hermann, Karl Moritz and Blunsom, Phil},
	journal={arXiv preprint arXiv:1405.0947},
	year={2014}
}

@inproceedings{filatova2009directions,
	title={Directions for exploiting asymmetries in multilingual Wikipedia},
	author={Filatova, Elena},
	booktitle={Proceedings of the Third International Workshop on Cross Lingual Information Access: Addressing the Information Need of Multilingual Societies}, 
}


@article{harris1954distributional,
	title={Distributional structure},
	author={Harris, Zellig S},
	journal={Word},
	volume={10},
	number={2-3},
	pages={146--162},
	year={1954},
	publisher={Taylor \& Francis}
}

@inproceedings{pennington2014glove,
	title={Glove: Global Vectors for Word Representation.},
	author={Pennington, Jeffrey and Socher, Richard and Manning, Christopher D},
	booktitle={EMNLP},
	volume={14},
	pages={1532--1543},
	year={2014}
}

@article{yu2009bilingual,
	title={Bilingual dictionary extraction from Wikipedia},
	author={Yu, Kun and Tsujii, Junichi},
	journal={Proceedings of Machine Translation Summit XII},
	pages={379--386},
	year={2009}
}

@article{navigli2012babelnet,
	title={BabelNet: The automatic construction, evaluation and application of a wide-coverage multilingual semantic network},
	author={Navigli, Roberto and Ponzetto, Simone Paolo},
	journal={Artificial Intelligence},
	volume={193},
	pages={217--250},
	year={2012},
	publisher={Elsevier}
}

@book{jarvis2008crosslinguistic,
	title={Crosslinguistic influence in language and cognition},
	author={Jarvis, Scott and Pavlenko, Aneta},
	year={2008},
	publisher={Routledge}
}

@article{pethHo2005differences,
	title={Differences of language from a cross-cultural perspective},
	author={Peth{\H{o}}, Eszter},
	journal={European Integration Studies},
	number={4},
	pages={73--96},
	year={2005}
}

@inproceedings{otero2010wikipedia,
	title={Wikipedia as multilingual source of comparable corpora},
	author={Otero, Pablo Gamallo and L{\'o}pez, Isaac Gonz{\'a}lez},
	booktitle={Proceedings of the 3rd Workshop on Building and Using Comparable Corpora, LREC},
	pages={21--25},
	year={2010}
}

@inproceedings{tanaka2002measuring,
	title={Measuring the similarity between compound nouns in different languages using non-parallel corpora},
	author={Tanaka, Takaaki},
	booktitle={Proceedings of the 19th international conference on Computational linguistics-Volume 1},
	pages={1--7},
	year={2002},
	organization={Association for Computational Linguistics}
}

@article{nemoto2011analyzing,
	title={Analyzing cultural differences in collaborative innovation networks by analyzing editing behavior in different-language Wikipedias},
	author={Nemoto, Keiichi and Gloor, Peter A},
	journal={Procedia-Social and Behavioral Sciences},
	volume={26},
	pages={180--190},
	year={2011},
	publisher={Elsevier}
}

@article{yasseri2014most,
	title={The most controversial topics in Wikipedia: A multilingual and geographical analysis},
	author={Yasseri, Taha and Spoerri, Anselm and Graham, Mark and Kert{\'e}sz, J{\'a}nos},
	year={2014},
	publisher={Global Wikipedia: International and Cross-Cultural Issues in Online Collaboration, Fichman P., Hara N., eds., Scarecrow Press}
}

@misc{NLPIR,
	author = "{Huaping Zhang}",
	title = "{NLPIR} Chinese Segmentor System",
	year = "2016",
	url = "http://ictclas.nlpir.org/"
}

@article{linard2015bilingual,
	title={Bilingual Lexicon Extraction},
	author={Linard, Alexis},
	year={2015}
}

@inproceedings{mahdisoltani2014yago3,
	title={Yago3: A knowledge base from multilingual wikipedias},
	author={Mahdisoltani, Farzaneh and Biega, Joanna and Suchanek, Fabian},
	booktitle={7th Biennial Conference on Innovative Data Systems Research},
	year={2014},
}

@article{krifka199511,
	title={11 COMMON NOUNS: A CONTRASTIVE ANALYSIS OF CHINESE AND ENGLISH},
	author={Krifka, Manfred},
	journal={The generic book},
	pages={398},
	year={1995},
	publisher={University of Chicago Press}
}

@article{tavassoli1999temporal,
	title={Temporal and associative memory in Chinese and English},
	author={Tavassoli, Nader T},
	journal={Journal of Consumer Research},
	volume={26},
	number={2},
	pages={170--181},
	year={1999},
	publisher={JSTOR}
}

@article{chen2007chinese,
	title={Do Chinese and English speakers think about time differently? Failure of replicating Boroditsky (2001)},
	author={Chen, Jenn-Yeu},
	journal={Cognition},
	volume={104},
	number={2},
	pages={427--436},
	year={2007},
	publisher={Elsevier}
}

@inproceedings{Mikolov2013distributed,
	title={Distributed representations of words and phrases and their compositionality},
	author={Mikolov, Tomas and Sutskever, Ilya and Chen, Kai and Corrado, Greg S and Dean, Jeff},
	booktitle={Advances in neural information processing systems},
	pages={3111--3119},
	year={2013}
}

@inproceedings{klementiev2012inducing,
	title={Inducing Crosslingual Distributed Representations of Words},
	author={Alexandre Klementiev and Ivan Titov and Binod Bhattarai},
	booktitle={COLING},
	year={2012}
}

@article{wilson2016disentangling,
	title={Disentangling Topic Models: A Cross-cultural Analysis of Personal Values through Words},
	author={Wilson, Steven R and Mihalcea, Rada and Boyd, Ryan L and Pennebaker, James W},
	journal={NLP+ CSS 2016},
	pages={143},
	year={2016}
}

@inproceedings{nakasaki2009visualizing,
	title={Visualizing Cross-Lingual/Cross-Cultural Differences in Concerns in Multilingual Blogs.},
	author={Nakasaki, Hiroyuki and Kawaba, Mariko and Yamazaki, Sayuri and Utsuro, Takehito and Fukuhara, Tomohiro},
	booktitle={ICWSM},
	year={2009}
}

@inproceedings{elahi2012examination,
	title={An Examination of Cross-Cultural Similarities and Differences from Social Media Data with respect to Language Use.},
	author={Elahi, Mohammad Fazleh and Monachesi, Paola},
	booktitle={LREC},
	pages={4080--4086},
	year={2012}
}
@article{elsahar2014a,
	title={A Fully Automated Approach for Arabic Slang Lexicon Extraction from Microblogs},
	author={Elsahar, Hady and Elbeltagy, Samhaa R},
	pages={79--91},
	year={2014}}
@article{velikovich2010the,
	title={The viability of web-derived polarity lexicons},
	author={Velikovich, Leonid and Blairgoldensohn, Sasha and Hannan, Kerry and Mcdonald, Ryan},
	pages={777--785},
	year={2010}}



@article{Sarath2014An,
	title={An Autoencoder Approach to Learning Bilingual Word Representations},
	author={Sarath, Chandar A P and Lauly, Stanislas and Larochelle, Hugo and Khapra, Mitesh M. and Ravindran, Balaraman and Raykar, Vikas and Saha, Amrita},
	journal={Advances in Neural Information Processing Systems},
	volume={3},
	pages={1853-1861},
	year={2014},
}

@article{Mikolov:2013tp,
	author = {Mikolov, Tomas and Le, Quoc V and Sutskever, Ilya},
	title = {{Exploiting Similarities among Languages for Machine Translation}},
	journal = {arXiv.org},
	year = {2013},
	eprint = {1309.4168v1},
	eprinttype = {arxiv},
	eprintclass = {cs.CL},
	month = sep
}

@article{Vulic:2015to,
	author = {Vulic, Ivan and Moens, Marie-Francine},
	title = {{Bilingual word embeddings from non-parallel document-aligned data applied to bilingual lexicon induction}},
	year = {2015},
	pages = {719--725},
	month = jul
}

@article{Navigli:2012dn,
	author = {Navigli, Roberto and Ponzetto, Simone Paolo},
	title = {{BabelNet: The automatic construction, evaluation and application of a wide-coverage multilingual semantic network.}},
	journal = {Artif. Intell.},
	year = {2012},
	volume = {193},
	pages = {217--250}
}

@article{hermann2014multilingual,
	title={Multilingual models for compositional distributed semantics},
	author={Hermann, Karl Moritz and Blunsom, Phil},
	journal={arXiv preprint arXiv:1404.4641},
	year={2014}
}


@article{lebret2013word,
	title={Word emdeddings through hellinger PCA},
	author={Lebret, R{\'e}mi and Collobert, Ronan},
	journal={arXiv preprint arXiv:1312.5542},
	year={2013}
}

@inproceedings{levy2014neural,
	title={Neural word embedding as implicit matrix factorization},
	author={Levy, Omer and Goldberg, Yoav},
	booktitle={Advances in Neural Information Processing Systems},
	pages={2177--2185},
	year={2014}
}

@inproceedings{li2015word,
	title={Word embedding revisited: A new representation learning and explicit matrix factorization perspective},
	author={Li, Yitan and Xu, Linli and Tian, Fei and Jiang, Liang and Zhong, Xiaowei and Chen, Enhong},
	booktitle={Proceedings of the 24th International Joint Conference on Artificial Intelligence},
	pages={3650--3656},
	year={2015}
}

@article{kovecses2006language,
	title={Language, mind, and culture},
	author={Kovecses, Zoltan},
	year={2006}
}

@book{jackson2007words,
	title={Words, meaning and vocabulary: an introduction to modern English lexicology},
	author={Jackson, Howard and Amvela, Etienne Z{\'e}},
	year={2007},
	publisher={Bloomsbury Publishing}
}

@book{wierzbicka2006english,
	title={English: Meaning and culture},
	author={Wierzbicka, Anna},
	year={2006},
	publisher={Oxford University Press}
}

@book{lipka1990outline,
	title={An outline of English lexicology: lexical structure, word semantics, and word-formation},
	author={Lipka, Leonhard},
	volume={3},
	year={1990},
	publisher={Walter de Gruyter}
}

@misc{names,
	author={Mark Kantrowitz and Bill Ross},
	year = {1994},
	title = {Names Corpus, Version 1.3},
	howpublished = "\url{http://www.nltk.org/nltk_data/}"
}

@misc{wiktionary,
	author={Wiktionary},
	year = {2016},
	title = {Wiktionary},
	howpublished = "\url{http://www.wiktionary.org}"
}

@misc{oxford,
	author={Oxford},
	year = {2016},
	title = {Oxford Dictionaries Onlin},
	howpublished = "\url{http://www.oxforddictionaries.com/}"
}

@article{triandis1994culture,
	title={Culture and social behavior},
	author={Triandis, Harry Charalambos},
	year={1994},
	publisher={McGraw-Hill New York}
}

@article{weber1998cross,
	title={Cross-cultural differences in risk perception, but cross-cultural similarities in attitudes towards perceived risk},
	author={Weber, Elke U and Hsee, Christopher},
	journal={Management science},
	volume={44},
	number={9},
	pages={1205--1217},
	year={1998},
	publisher={INFORMS}
}

@article{gruetze2016coheel,
	title={CohEEL: Coherent and efficient named entity linking through random walks},
	author={Gruetze, Toni and Kasneci, Gjergji and Zuo, Zhe and Naumann, Felix},
	journal={Web Semantics: Science, Services and Agents on the World Wide Web},
	volume={37},
	pages={75--89},
	year={2016},
	publisher={Elsevier}
}

@article{lin2016leveraging,
	title={Leveraging Entity Linking and Related Language Projection to Improve Name Transliteration},
	author={Lin, Ying and Pan, Xiaoman and Deri, Aliya and Ji, Heng and Knight, Kevin},
	journal={ACL 2016},
	pages={1},
	year={2016}
}

@inproceedings{ganea2016probabilistic,
	title={Probabilistic Bag-Of-Hyperlinks Model for Entity Linking},
	author={Ganea, Octavian-Eugen and Ganea, Marina and Lucchi, Aurelien and Eickhoff, Carsten and Hofmann, Thomas},
	booktitle={Proceedings of the 25th International Conference on World Wide Web},
	pages={927--938},
	year={2016},
	organization={International World Wide Web Conferences Steering Committee}
}

@inproceedings{schutze2008introduction,
	title={Introduction to Information Retrieval},
	author={Sch{\"u}tze, Hinrich},
	booktitle={Proceedings of the international communication of association for computing machinery conference},
	year={2008}
}


@article{fu2013assessing,
	title={Assessing censorship on microblogs in China: Discriminatory keyword analysis and the real-name registration policy},
	author={Fu, King-wa and Chan, Chung-hong and Chau, Michael},
	journal={IEEE Internet Computing},
	volume={17},
	number={3},
	pages={42--50},
	year={2013},
	publisher={IEEE}
}

@inproceedings{han2012automatically,
	title={Automatically constructing a normalisation dictionary for microblogs},
	author={Han, Bo and Cook, Paul and Baldwin, Timothy},
	booktitle={EMNLP-CoNLL},
	pages={421--432},
	year={2012}
}

@inproceedings{che2010ltp,
	title={Ltp: A chinese language technology platform},
	author={Che, Wanxiang and Li, Zhenghua and Liu, Ting},
	booktitle={ACL},
	pages={13--16},
	year={2010},
	organization={Association for Computational Linguistics}
}

@inproceedings{manning2014stanford,
	title={The stanford corenlp natural language processing toolkit.},
	author={Manning, Christopher D and Surdeanu, Mihai and Bauer, John and Finkel, Jenny Rose and Bethard, Steven and McClosky, David},
	booktitle={ACL (System Demonstrations)},
	pages={55--60},
	year={2014}
}

@inproceedings{rehurek_lrec,
	title = {{Software Framework for Topic Modelling with Large Corpora}},
	author = {Radim {\v R}eh{\r u}{\v r}ek and Petr Sojka},
	booktitle = {{Proceedings of the LREC 2010 Workshop on New
	Challenges for NLP Frameworks}},
	pages = {45--50},
	year = 2010,
	month = May,
	day = 22,
	publisher = {ELRA},
	address = {Valletta, Malta},
	note={\url{http://is.muni.cz/publication/884893/en}},
	language={English}
}

@inproceedings{fast2016empath,
	title={Empath: Understanding topic signals in large-scale text},
	author={Fast, Ethan and Chen, Binbin and Bernstein, Michael S},
	booktitle={Proceedings of the 2016 CHI Conference on Human Factors in Computing Systems},
	pages={4647--4657},
	year={2016},
	organization={ACM}
}

@inproceedings{choi2005identifying,
	title={Identifying sources of opinions with conditional random fields and extraction patterns},
	author={Choi, Yejin and Cardie, Claire and Riloff, Ellen and Patwardhan, Siddharth},
	booktitle={HLT-EMNLP},
	pages={355--362},
	year={2005},
	organization={Association for Computational Linguistics}
}

@inproceedings{gao2013developing,
	title={Developing simplified Chinese psychological linguistic analysis dictionary for microblog},
	author={Gao, Rui and Hao, Bibo and Li, He and Gao, Yusong and Zhu, Tingshao},
	booktitle={International Conference on Brain and Health Informatics},
	pages={359--368},
	year={2013},
	organization={Springer}
}

@article{pennebaker2001linguistic,
	title={Linguistic inquiry and word count: LIWC 2001},
	author={Pennebaker, James W and Francis, Martha E and Booth, Roger J},
	journal={Mahway: Lawrence Erlbaum Associates},
	volume={71},
	number={2001},
	pages={2001},
	year={2001}
}

@inproceedings{cheng2013relational,
	title={Relational Inference for Wikification},
	author={Xiao Cheng and Dan Roth},
	booktitle={EMNLP},
	year={2013}
}


@inproceedings{ratinov2011local,
	title={Local and global algorithms for disambiguation to wikipedia},
	author={Ratinov, Lev and Roth, Dan and Downey, Doug and Anderson, Mike},
	booktitle={ACL},
	pages={1375--1384},
	year={2011},
	organization={Association for Computational Linguistics}
}
@inproceedings{wang2013building,
	title={Building the chinese open wordnet (cow): Starting from core synsets},
	author={Wang, Shan and Bond, Francis},
	booktitle={Proceedings of the 11th Workshop on Asian Language Resources, a Workshop at IJCNLP},
	pages={10--18},
	year={2013}
}
@inproceedings{bond2013linking,
	title={Linking and Extending an Open Multilingual Wordnet.},
	author={Bond, Francis and Foster, Ryan},
	booktitle={ACL (1)},
	pages={1352--1362},
	year={2013}
}
