@article{gregoire2017deep,
	title={A deep neural network approach to parallel sentence extraction},
	author={Gr{\'e}goire, Francis and Langlais, Philippe},
	journal={arXiv preprint arXiv:1709.09783},
	year={2017}
}

@inproceedings{huang2014keyword,
	title={A Keyword-based Monolingual Sentence Aligner in Text Simplification},
	author={Huang, Chung-Chi},
	booktitle={Proceedings of the 28th Pacific Asia Conference on Language, Information and Computing},
	year={2014}
}

@article{bowman2015large,
	title={A large annotated corpus for learning natural language inference},
	author={Bowman, Samuel R and Angeli, Gabor and Potts, Christopher and Manning, Christopher D},
	journal={arXiv preprint arXiv:1508.05326},
	year={2015}
}

@incollection{wolk2014sentence,
	title={A sentence meaning based alignment method for parallel text corpora preparation},
	author={Wo{\l}k, Krzysztof and Marasek, Krzysztof},
	booktitle={New Perspectives in Information Systems and Technologies, Volume 1},
	pages={229--237},
	year={2014},
	publisher={Springer}
}

@article{lin2017structured,
	title={A structured self-attentive sentence embedding},
	author={Lin, Zhouhan and Feng, Minwei and Santos, Cicero Nogueira dos and Yu, Mo and Xiang, Bing and Zhou, Bowen and Bengio, Yoshua},
	journal={arXiv preprint arXiv:1703.03130},
	year={2017}
}

@article{deng2017variational,
	title={A variational autoencoding approach for inducing cross-lingual word embeddings},
	author={Deng, Liangchen Wei Zhi-Hong},
	year={2017}
}

@inproceedings{neculoiu2016learning,
	title={Learning text similarity with siamese recurrent networks},
	author={Neculoiu, Paul and Versteegh, Maarten and Rotaru, Mihai},
	booktitle={Proceedings of the 1st Workshop on Representation Learning for NLP},
	pages={148--157},
	year={2016}
}

@inproceedings{hwang2015aligning,
	title={Aligning sentences from standard wikipedia to simple wikipedia},
	author={Hwang, William and Hajishirzi, Hannaneh and Ostendorf, Mari and Wu, Wei},
	booktitle={Proceedings of the 2015 Conference of the North American Chapter of the Association for Computational Linguistics: Human Language Technologies},
	pages={211--217},
	year={2015}
}

@inproceedings{sennrich2011iterative,
  title={Iterative, MT-based sentence alignment of parallel texts},
  author={Sennrich, Rico and Volk, Martin},
  booktitle={Proceedings of the 18th Nordic Conference of Computational Linguistics (NODALIDA 2011)},
  pages={175--182},
  year={2011}
}

@inproceedings{sennrich2010mt,
  title={MT-based sentence alignment for OCR-generated parallel texts},
  author={Sennrich, Rico and Volk, Martin},
  booktitle={The Ninth Conference of the Association for Machine Translation in the Americas (AMTA 2010)},
  year={2010}
}

@inproceedings{marelli2014semeval,
  title={Semeval-2014 task 1: Evaluation of compositional distributional semantic models on full sentences through semantic relatedness and textual entailment},
  author={Marelli, Marco and Bentivogli, Luisa and Baroni, Marco and Bernardi, Raffaella and Menini, Stefano and Zamparelli, Roberto},
  booktitle={Proceedings of the 8th international workshop on semantic evaluation (SemEval 2014)},
  pages={1--8},
  year={2014}
}

@inproceedings{dolan2004unsupervised,
  title={Unsupervised construction of large paraphrase corpora: Exploiting massively parallel news sources},
  author={Dolan, Bill and Quirk, Chris and Brockett, Chris},
  booktitle={Proceedings of the 20th international conference on Computational Linguistics},
  pages={350},
  year={2004},
  organization={Association for Computational Linguistics}
}

@article{quirk2004monolingual,
  title={Monolingual machine translation for paraphrase generation},
  author={Quirk, Chris and Brockett, Chris and Dolan, Bill},
  year={2004}
}

@article{landauer1998introduction,
	title={An introduction to latent semantic analysis},
	author={Landauer, Thomas K and Foltz, Peter W and Laham, Darrell},
	journal={Discourse processes},
	volume={25},
	number={2-3},
	pages={259--284},
	year={1998},
	publisher={Taylor \& Francis}
}

@article{kingma2013auto,
	title={Auto-encoding variational bayes},
	author={Kingma, Diederik P and Welling, Max},
	journal={arXiv preprint arXiv:1312.6114},
	year={2013}
}

@inproceedings{papineni2002bleu,
	title={BLEU: a method for automatic evaluation of machine translation},
	author={Papineni, Kishore and Roukos, Salim and Ward, Todd and Zhu, Wei-Jing},
	booktitle={Proceedings of the 40th annual meeting on association for computational linguistics},
	pages={311--318},
	year={2002},
	organization={Association for Computational Linguistics}
}

@inproceedings{kajiwara2016building,
	title={Building a monolingual parallel corpus for text simplification using sentence similarity based on alignment between word embeddings},
	author={Kajiwara, Tomoyuki and Komachi, Mamoru},
	booktitle={Proceedings of COLING 2016, the 26th International Conference on Computational Linguistics: Technical Papers},
	pages={1147--1158},
	year={2016}
}

@inproceedings{coster2011learning,
  title={Learning to simplify sentences using wikipedia},
  author={Coster, William and Kauchak, David},
  booktitle={Proceedings of the workshop on monolingual text-to-text generation},
  pages={1--9},
  year={2011},
  organization={Association for Computational Linguistics}
}

@inproceedings{zhu2010monolingual,
  title={A monolingual tree-based translation model for sentence simplification},
  author={Zhu, Zhemin and Bernhard, Delphine and Gurevych, Iryna},
  booktitle={Proceedings of the 23rd international conference on computational linguistics},
  pages={1353--1361},
  year={2010},
  organization={Association for Computational Linguistics}
}

@inproceedings{mihalcea2006corpus,
	title={Corpus-based and knowledge-based measures of text semantic similarity},
	author={Mihalcea, Rada and Corley, Courtney and Strapparava, Carlo and others},
	booktitle={AAAI},
	volume={6},
	pages={775--780},
	year={2006}
}

@article{palangi2016deep,
	title={Deep sentence embedding using long short-term memory networks: Analysis and application to information retrieval},
	author={Palangi, Hamid and Deng, Li and Shen, Yelong and Gao, Jianfeng and He, Xiaodong and Chen, Jianshu and Song, Xinying and Ward, Rabab},
	journal={IEEE/ACM Transactions on Audio, Speech and Language Processing (TASLP)},
	volume={24},
	number={4},
	pages={694--707},
	year={2016},
	publisher={IEEE Press}
}

@inproceedings{hatzlvassiloglou1999detecting,
	title={Detecting text similarity over short passages: Exploring linguistic feature combinations via machine learning},
	author={Hatzlvassiloglou, Vasileios and Klavans, Judith L and Eskin, Eleazar},
	booktitle={1999 Joint SIGDAT conference on empirical methods in natural language processing and very large corpora},
	year={1999}
}

@inproceedings{ji2013discriminative,
	title={Discriminative improvements to distributional sentence similarity},
	author={Ji, Yangfeng and Eisenstein, Jacob},
	booktitle={Proceedings of the 2013 Conference on Empirical Methods in Natural Language Processing},
	pages={891--896},
	year={2013}
}

@inproceedings{mikolov2013distributed,
	title={Distributed representations of words and phrases and their compositionality},
	author={Mikolov, Tomas and Sutskever, Ilya and Chen, Kai and Corrado, Greg S and Dean, Jeff},
	booktitle={Advances in neural information processing systems},
	pages={3111--3119},
	year={2013}
}

@article{mikolov2013efficient,
	title={Efficient estimation of word representations in vector space},
	author={Mikolov, Tomas and Chen, Kai and Corrado, Greg and Dean, Jeffrey},
	journal={arXiv preprint arXiv:1301.3781},
	year={2013}
}

@InProceedings{joulin2017bag,
  title={Bag of Tricks for Efficient Text Classification},
  author={Joulin, Armand and Grave, Edouard and Bojanowski, Piotr and Mikolov, Tomas},
  booktitle={Proceedings of the 15th Conference of the European Chapter of the Association for Computational Linguistics: Volume 2, Short Papers},
  month={April},
  year={2017},
  publisher={Association for Computational Linguistics},
  pages={427--431},
}

@inproceedings{pennington2014glove,
	title={Glove: Global vectors for word representation},
	author={Pennington, Jeffrey and Socher, Richard and Manning, Christopher},
	booktitle={Proceedings of the 2014 conference on empirical methods in natural language processing (EMNLP)},
	pages={1532--1543},
	year={2014}
}

@inproceedings{he2015multi,
	title={Multi-perspective sentence similarity modeling with convolutional neural networks},
	author={He, Hua and Gimpel, Kevin and Lin, Jimmy},
	booktitle={Proceedings of the 2015 Conference on Empirical Methods in Natural Language Processing},
	pages={1576--1586},
	year={2015}
}

@article{lin2004rouge,
	title={Rouge: A package for automatic evaluation of summaries},
	author={Lin, Chin-Yew},
	journal={Text Summarization Branches Out},
	year={2004}
}

@inproceedings{barzilay2003sentence,
	title={Sentence alignment for monolingual comparable corpora},
	author={Barzilay, Regina and Elhadad, Noemie},
	booktitle={Proceedings of the 2003 conference on Empirical methods in natural language processing},
	pages={25--32},
	year={2003},
	organization={Association for Computational Linguistics}
}

@article{zamani2016sentence,
	title={Sentence alignment using local and global information},
	author={Zamani, Hamed and Faili, Heshaam and Shakery, Azadeh},
	journal={Computer Speech \& Language},
	volume={39},
	pages={88--107},
	year={2016},
	publisher={Elsevier}
}

@article{li2006sentence,
	title={Sentence similarity based on semantic nets and corpus statistics},
	author={Li, Yuhua and McLean, David and Bandar, Zuhair A and Crockett, Keeley and others},
	journal={IEEE Transactions on Knowledge \& Data Engineering},
	number={8},
	pages={1138--1150},
	year={2006},
	publisher={IEEE}
}

@inproceedings{mueller2016siamese,
	title={Siamese recurrent architectures for learning sentence similarity},
	author={Mueller, Jonas and Thyagarajan, Aditya},
	booktitle={Thirtieth AAAI Conference on Artificial Intelligence},
	year={2016}
}

@article{conneau2017supervised,
	title={Supervised learning of universal sentence representations from natural language inference data},
	author={Conneau, Alexis and Kiela, Douwe and Schwenk, Holger and Barrault, Loic and Bordes, Antoine},
	journal={arXiv preprint arXiv:1705.02364},
	year={2017}
}

@inproceedings{kiros2015skip,
  title={Skip-thought vectors},
  author={Kiros, Ryan and Zhu, Yukun and Salakhutdinov, Ruslan R and Zemel, Richard and Urtasun, Raquel and Torralba, Antonio and Fidler, Sanja},
  booktitle={Advances in neural information processing systems},
  pages={3294--3302},
  year={2015}
}

@article{hill2016learning,
  title={Learning distributed representations of sentences from unlabelled data},
  author={Hill, Felix and Cho, Kyunghyun and Korhonen, Anna},
  journal={arXiv preprint arXiv:1602.03483},
  year={2016}
}

@article{bowman2015large,
  title={A large annotated corpus for learning natural language inference},
  author={Bowman, Samuel R and Angeli, Gabor and Potts, Christopher and Manning, Christopher D},
  journal={arXiv preprint arXiv:1508.05326},
  year={2015}
}

@inproceedings{achananuparp2008evaluation,
	title={The evaluation of sentence similarity measures},
	author={Achananuparp, Palakorn and Hu, Xiaohua and Shen, Xiajiong},
	booktitle={International Conference on data warehousing and knowledge discovery},
	pages={305--316},
	year={2008},
	organization={Springer}
}

@article{doersch2016tutorial,
	title={Tutorial on variational autoencoders},
	author={Doersch, Carl},
	journal={arXiv preprint arXiv:1606.05908},
	year={2016}
}

@article{cer2018universal,
	title={Universal sentence encoder},
	author={Cer, Daniel and Yang, Yinfei and Kong, Sheng-yi and Hua, Nan and Limtiaco, Nicole and John, Rhomni St and Constant, Noah and Guajardo-Cespedes, Mario and Yuan, Steve and Tar, Chris and others},
	journal={arXiv preprint arXiv:1803.11175},
	year={2018}
}

@inproceedings{dolan2004unsupervised,
	title={Unsupervised construction of large paraphrase corpora: Exploiting massively parallel news sources},
	author={Dolan, Bill and Quirk, Chris and Brockett, Chris},
	booktitle={Proceedings of the 20th international conference on Computational Linguistics},
	pages={350},
	year={2004},
	organization={Association for Computational Linguistics}
}

@article{paetzold2016vicinity,
	title={Vicinity-driven paragraph and sentence alignment for comparable corpora},
	author={Paetzold, Gustavo Henrique and Specia, Lucia},
	journal={arXiv preprint arXiv:1612.04113},
	year={2016}
}