@inproceedings{drossos2017automated,
  title={Automated audio captioning with recurrent neural networks},
  author={Drossos, Konstantinos and Adavanne, Sharath and Virtanen, Tuomas},
  booktitle={2017 IEEE Workshop on Applications of Signal Processing to Audio and Acoustics (WASPAA)},
  pages={374--378},
  year={2017},
  organization={IEEE}
}

@inproceedings{wu2019audio,
  title={Audio caption: Listen and tell},
  author={Wu, Mengyue and Dinkel, Heinrich and Yu, Kai},
  booktitle={ICASSP 2019-2019 IEEE International Conference on Acoustics, Speech and Signal Processing (ICASSP)},
  pages={830--834},
  year={2019},
  organization={IEEE}
}

@inproceedings{kim2019audiocaps,
  title={AudioCaps: Generating captions for audios in the wild},
  author={Kim, Chris Dongjoo and Kim, Byeongchang and Lee, Hyunmin and Kim, Gunhee},
  booktitle={Proceedings of the 2019 Conference of the North American Chapter of the Association for Computational Linguistics: Human Language Technologies, Volume 1 (Long and Short Papers)},
  pages={119--132},
  year={2019}
}

@inproceedings{donahue2015long,
  title={Long-term recurrent convolutional networks for visual recognition and description},
  author={Donahue, Jeffrey and Anne Hendricks, Lisa and Guadarrama, Sergio and Rohrbach, Marcus and Venugopalan, Subhashini and Saenko, Kate and Darrell, Trevor},
  booktitle={Proceedings of the IEEE conference on computer vision and pattern recognition},
  pages={2625--2634},
  year={2015}
}

@inproceedings{xu2020crnn,
  title={A crnn-gru based reinforcement learning approach to audio captioning},
  author={Xu, Xuenan and Dinkel, Heinrich and Wu, Mengyue and Yu, Kai},
  booktitle={Proceedings of the Detection and Classification of Acoustic Scenes and Events Workshop (DCASE)},
  pages={225--229},
  year={2020}
}

@inproceedings{drossos2020clotho,
  title={Clotho: An audio captioning dataset},
  author={Drossos, Konstantinos and Lipping, Samuel and Virtanen, Tuomas},
  booktitle={ICASSP 2020-2020 IEEE International Conference on Acoustics, Speech and Signal Processing (ICASSP)},
  pages={736--740},
  year={2020},
  organization={IEEE}
}

@techreport{mei2021encoder,
  title={An encoder-decoder based audio captioning system with transfer and reinforcement learning for DCASE challenge 2021 task 6},
  author={Mei, Xinhao and Huang, Qiushi and Liu, Xubo and Chen, Gengyun and Wu, Jingqian and Wu, Yusong and Zhao, Jinzheng and Li, Shengchen and Ko, Tom and Tang, H Lilian and others},
  year={2021},
  institution={DCASE2021 Challenge, Tech. Rep}
}

@techreport{xu2021sjtu,
  title={The SJTU system for DCASE2021 challenge task 6: Audio captioning based on encoder pre-training and reinforcement learning},
  author={Xu, Xuenan and Xie, Zeyu and Wu, Mengyue and Yu, Kai},
  year={2021},
  institution={DCASE2021 Challenge, Tech. Rep}
}

@inproceedings{papineni2002bleu,
  title={Bleu: a method for automatic evaluation of machine translation},
  author={Papineni, Kishore and Roukos, Salim and Ward, Todd and Zhu, Wei-Jing},
  booktitle={Proceedings of the 40th annual meeting of the Association for Computational Linguistics},
  pages={311--318},
  year={2002}
}

@inproceedings{lin2004rouge,
  title={Rouge: A package for automatic evaluation of summaries},
  author={Lin, Chin-Yew},
  booktitle={Text summarization branches out},
  pages={74--81},
  year={2004}
}

@inproceedings{banerjee2005meteor,
  title={METEOR: An automatic metric for MT evaluation with improved correlation with human judgments},
  author={Banerjee, Satanjeev and Lavie, Alon},
  booktitle={Proceedings of the acl workshop on intrinsic and extrinsic evaluation measures for machine translation and/or summarization},
  pages={65--72},
  year={2005}
}

@inproceedings{vedantam2015cider,
  title={Cider: Consensus-based image description evaluation},
  author={Vedantam, Ramakrishna and Lawrence Zitnick, C and Parikh, Devi},
  booktitle={Proceedings of the IEEE conference on computer vision and pattern recognition},
  pages={4566--4575},
  year={2015}
}

@inproceedings{anderson2016spice,
  title={Spice: Semantic propositional image caption evaluation},
  author={Anderson, Peter and Fernando, Basura and Johnson, Mark and Gould, Stephen},
  booktitle={European conference on computer vision},
  pages={382--398},
  year={2016},
  organization={Springer}
}

@inproceedings{novikova2017we,
  title={Why We Need New Evaluation Metrics for NLG},
  author={Novikova, Jekaterina and Du{\v{s}}ek, Ond{\v{r}}ej and Curry, Amanda Cercas and Rieser, Verena},
  booktitle={Proceedings of the 2017 Conference on Empirical Methods in Natural Language Processing},
  pages={2241--2252},
  year={2017}
}

@inproceedings{chaganty2018price,
  title={The price of debiasing automatic metrics in natural language evalaution},
  author={Chaganty, Arun and Mussmann, Stephen and Liang, Percy},
  booktitle={Proceedings of the 56th Annual Meeting of the Association for Computational Linguistics (Volume 1: Long Papers)},
  pages={643--653},
  year={2018}
}

@inproceedings{jiang2019tiger,
  title={TIGEr: Text-to-Image Grounding for Image Caption Evaluation},
  author={Jiang, Ming and Huang, Qiuyuan and Zhang, Lei and Wang, Xin and Zhang, Pengchuan and Gan, Zhe and Diesner, Jana and Gao, Jianfeng},
  booktitle={Proceedings of the 2019 Conference on Empirical Methods in Natural Language Processing and the 9th International Joint Conference on Natural Language Processing (EMNLP-IJCNLP)},
  pages={2141--2152},
  year={2019}
}

@article{leeumic,
  title={UMIC: An Unreferenced Metric for Image Captioning via Contrastive Learning},
  author={Lee, Hwanhee and Yoon, Seunghyun and Dernoncourt, Franck and Bui, Trung and Jung, Kyomin}
}

@article{hessel2021clipscore,
  title={CLIPScore: A Reference-free Evaluation Metric for Image Captioning},
  author={Hessel, Jack and Holtzman, Ari and Forbes, Maxwell and Bras, Ronan Le and Choi, Yejin},
  journal={arXiv preprint arXiv:2104.08718},
  year={2021}
}

@inproceedings{zhang2019bertscore,
  title={BERTScore: Evaluating Text Generation with BERT},
  author={Zhang, Tianyi and Kishore, Varsha and Wu, Felix and Weinberger, Kilian Q and Artzi, Yoav},
  booktitle={International Conference on Learning Representations},
  year={2019}
}

@inproceedings{reimers2019sentence,
  title={Sentence-BERT: Sentence Embeddings using Siamese BERT-Networks},
  author={Reimers, Nils and Gurevych, Iryna},
  booktitle={Proceedings of the 2019 Conference on Empirical Methods in Natural Language Processing and the 9th International Joint Conference on Natural Language Processing (EMNLP-IJCNLP)},
  pages={3982--3992},
  year={2019}
}

@inproceedings{sellam2020bleurt,
  title={BLEURT: Learning Robust Metrics for Text Generation},
  author={Sellam, Thibault and Das, Dipanjan and Parikh, Ankur},
  booktitle={Proceedings of the 58th Annual Meeting of the Association for Computational Linguistics},
  pages={7881--7892},
  year={2020}
}

@inproceedings{devlin2019bert,
  title={BERT: Pre-training of Deep Bidirectional Transformers for Language Understanding},
  author={Devlin, Jacob and Chang, Ming-Wei and Lee, Kenton and Toutanova, Kristina},
  booktitle={Proceedings of the 2019 Conference of the North American Chapter of the Association for Computational Linguistics: Human Language Technologies, Volume 1 (Long and Short Papers)},
  pages={4171--4186},
  year={2019}
}

@article{kong2020panns,
    author = {Kong, Qiuqiang and Cao, Yin and Iqbal, Turab and Wang, Yuxuan and Wang, Wenwu and Plumbley, Mark D},
    journal = {IEEE/ACM Transactions on Audio Speech and Language Processing},
    keywords = {Audio tagging,pretrained audio neural networks,transfer learning},
    pages = {2880--2894},
    title = {{PANNs: Large-Scale Pretrained Audio Neural Networks for Audio Pattern Recognition}},
    volume = {28},
    year = {2020}
}

@inproceedings{vijayakumar2018diverse,
  author = {Vijayakumar, Ashwin K. and Cogswell, Michael and Selvaraju, Ramprasaath R. and Sun, Qing and Lee, Stefan and Crandall, David and Batra, Dhruv},
  booktitle = {Proceedings of the AAAI Conference on Artificial Intelligence},
  pages = {7371--7379},
  title = {{Diverse beam search for improved description of complex scenes}},
  year = {2018}
}

@inproceedings{xu2021investigating,
  title={Investigating Local and Global Information for Automated Audio Captioning with Transfer Learning},
  author={Xu, Xuenan and Dinkel, Heinrich and Wu, Mengyue and Xie, Zeyu and Yu, Kai},
  booktitle={Proceedings of IEEE International Conference on Acoustics, Speech and Signal Processing (ICASSP)},
  pages={905--909},
  year={2021},
  organization={IEEE}
}

@article{fleiss1971measuring,
  title={Measuring nominal scale agreement among many raters.},
  author={Fleiss, Joseph L},
  journal={Psychological bulletin},
  volume={76},
  number={5},
  pages={378},
  year={1971},
  publisher={American Psychological Association}
}

@article{Zhang2021EnrichingOW,
  title={Enriching Ontology with Temporal Commonsense for Low-Resource Audio Tagging},
  author={Zhiling Zhang and Zelin Zhou and Haifeng Tang and Guangwei Li and Mengyue Wu and Kenny Q. Zhu},
  year={2021},
  journal={arXiv preprint arXiv:2110.01009},
}