@article{Hall2009,
	Acmid = {1656278},
	Address = {New York, NY, USA},
	Author = {Hall, Mark and Frank, Eibe and Holmes, Geoffrey and Pfahringer, Bernhard and Reutemann, Peter and Witten, Ian H.},
	Date-Added = {2014-08-15 17:40:01 +0000},
	Date-Modified = {2014-08-15 17:40:09 +0000},
	Doi = {10.1145/1656274.1656278},
	Issn = {1931-0145},
	Issue_Date = {June 2009},
	Journal = {SIGKDD Explor. Newsl.},
	Month = nov,
	Number = {1},
	Numpages = {9},
	Pages = {10--18},
	Publisher = {ACM},
	Title = {The WEKA Data Mining Software: An Update},
	Url = {http://doi.acm.org/10.1145/1656274.1656278},
	Volume = {11},
	Year = {2009},
	Bdsk-Url-1 = {http://doi.acm.org/10.1145/1656274.1656278},
	Bdsk-Url-2 = {http://dx.doi.org/10.1145/1656274.1656278}}

@manual{R2008,
	Address = {Vienna, Austria},
	Author = {{R Development Core Team}},
	Date-Added = {2014-08-15 17:39:19 +0000},
	Date-Modified = {2014-08-15 17:40:36 +0000},
	Note = {{ISBN} 3-900051-07-0},
	Organization = {R Foundation for Statistical Computing},
	Title = {R: A Language and Environment for Statistical Computing},
	Url = {http://www.R-project.org},
	Year = {2008},
	Bdsk-Url-1 = {http://www.R-project.org}}

@article{MTP,
	Acmid = {1689243},
	Address = {New York, NY, USA},
	Articleno = {13},
	Author = {Reddy, Sasank and Mun, Min and Burke, Jeff and Estrin, Deborah and Hansen, Mark and Srivastava, Mani},
	Doi = {10.1145/1689239.1689243},
	Issn = {1550-4859},
	Issue_Date = {February 2010},
	Journal = {ACM Trans. Sen. Netw.},
	Keywords = {Activity classification, mobile phones, transportation mode inference},
	Month = mar,
	Number = {2},
	Numpages = {27},
	Pages = {13:1--13:27},
	Publisher = {ACM},
	Title = {Using Mobile Phones to Determine Transportation Modes},
	Url = {http://doi.acm.org/10.1145/1689239.1689243},
	Volume = {6},
	Year = {2010},
	Bdsk-Url-1 = {http://doi.acm.org/10.1145/1689239.1689243},
	Bdsk-Url-2 = {http://dx.doi.org/10.1145/1689239.1689243}}

@inproceedings{knoblock12:eswc,
	Address = {Crete, Greece},
	Author = {Craig A. Knoblock and Pedro Szekely and Jose Luis Ambite and Shubham Gupta and Aman Goel and Maria Muslea and Kristina Lerman and Mohsen Taheriyan and Parag Mallick},
	Booktitle = {Proceedings of the Extended Semantic Web Conference},
	Keywords = {"Source Modeling"},
	Title = {Semi-Automatically Mapping Structured Sources into the Semantic Web},
	Urlpaper = {http://www.isi.edu/integration/papers/knoblock12-eswc.pdf},
	Urlpresentation = {http://www.isi.edu/integration/slides/knoblock12-eswc-slides.pdf},
	Urlyoutube = {http://www.youtube.com/watch?v=kUIqTI56oeQ&feature=share&list=PLdD4tO6i0DwMXmBhOwlt7zEZKoOWrWpOA]},
	Year = {2012}}

@inproceedings{taheriyan12:lapis,
	Author = {Mohsen Taheriyan and Craig A. Knoblock and Pedro Szekely and Jose Luis Ambite},
	Booktitle = {Proceedings of the ESWC 2012 Workshop on Linked APIs},
	Keywords = {"Source modeling"},
	Title = {Semi-Automatically Modeling Web APIs to Create Linked APIs},
	Urlpaper = {http://www.isi.edu/integration/papers/knoblock12-eswc.pdf},
	Urlpresentation = {http://prezi.com/pu5smfc7iexa/giscience-2012-generating-named-road-vector-data-from-raster-maps/},
	Year = {2012}}

@article{szekely14:ijhac,
	Author = {Pedro Szekely and Craig A. Knoblock and Fengyu Yang and Xuming Zhu and Eleanor Fink and Rachel Allen and Georgina Goodlander},
	Journal = {International Journal of Humanities and Art Computing (IJHAC)},
	Mont = {March},
	Pages = {152-166},
	Title = {Publishing the Data of the Smithsonian American Art Museum to the Linked Data Cloud},
	Urllink = {http://www.euppublishing.com/doi/abs/10.3366/ijhac.2014.0104},
	Urlpaper = {http://www.isi.edu/integration/papers/szekely14-ijhac.pdf},
	Volume = {8},
	Year = {2014}}

@incollection{Fayyad:1996:DMK:257938.257942,
	author = {Fayyad, Usama M. and Piatetsky-Shapiro, Gregory and Smyth, Padhraic},
	chapter = {From Data Mining to Knowledge Discovery: An Overview},
	title = {Advances in Knowledge Discovery and Data Mining},
	editor = {Fayyad, Usama M. and Piatetsky-Shapiro, Gregory and Smyth, Padhraic and Uthurusamy, Ramasamy},
	year = {1996},
	isbn = {0-262-56097-6},
	pages = {1--34},
	numpages = {34},
	url = {http://dl.acm.org/citation.cfm?id=257938.257942},
	acmid = {257942},
	publisher = {American Association for Artificial Intelligence},
	address = {Menlo Park, CA, USA},
}

@inproceedings{socher2011parsing,
  title={Parsing natural scenes and natural language with recursive neural networks},
  author={Socher, Richard and Lin, Cliff C and Manning, Chris and Ng, Andrew Y},
  booktitle={Proceedings of the 28th international conference on machine learning (ICML-11)},
  pages={129--136},
  year={2011}
}

@inproceedings{socher2011semi,
  title={Semi-supervised recursive autoencoders for predicting sentiment distributions},
  author={Socher, Richard and Pennington, Jeffrey and Huang, Eric H and Ng, Andrew Y and Manning, Christopher D},
  booktitle={Proceedings of the conference on empirical methods in natural language processing},
  pages={151--161},
  year={2011},
  organization={Association for Computational Linguistics}
}

@inproceedings{irsoy2014deep,
  title={Deep recursive neural networks for compositionality in language},
  author={Irsoy, Ozan and Cardie, Claire},
  booktitle={Advances in Neural Information Processing Systems},
  pages={2096--2104},
  year={2014}
}

@inproceedings{mikolov2013distributed,
  title={Distributed representations of words and phrases and their compositionality},
  author={Mikolov, Tomas and Sutskever, Ilya and Chen, Kai and Corrado, Greg S and Dean, Jeff},
  booktitle={Advances in neural information processing systems},
  pages={3111--3119},
  year={2013}
}

@inproceedings{karpathy2015deep,
  title={Deep visual-semantic alignments for generating image descriptions},
  author={Karpathy, Andrej and Fei-Fei, Li},
  booktitle={Proceedings of the IEEE Conference on Computer Vision and Pattern Recognition},
  pages={3128--3137},
  year={2015}
}

@inproceedings{sridhara2010towards,
  title={Towards automatically generating summary comments for java methods},
  author={Sridhara, Giriprasad and Hill, Emily and Muppaneni, Divya and Pollock, Lori and Vijay-Shanker, K},
  booktitle={Proceedings of the IEEE/ACM international conference on Automated software engineering},
  pages={43--52},
  year={2010},
  organization={ACM}
}

@inproceedings{moreno2013automatic,
  title={Automatic generation of natural language summaries for java classes},
  author={Moreno, Laura and Aponte, Jairo and Sridhara, Giriprasad and Marcus, Andrian and Pollock, Lori and Vijay-Shanker, K},
  booktitle={Program Comprehension (ICPC), 2013 IEEE 21st International Conference on},
  pages={23--32},
  year={2013},
  organization={IEEE}
}

@inproceedings{allamanis2015suggesting,
  title={Suggesting accurate method and class names},
  author={Allamanis, Miltiadis and Barr, Earl T and Bird, Christian and Sutton, Charles},
  booktitle={Proceedings of the 2015 10th Joint Meeting on Foundations of Software Engineering},
  pages={38--49},
  year={2015},
  organization={ACM}
}

@inproceedings{mcburney2014automatic,
  title={Automatic documentation generation via source code summarization of method context},
  author={McBurney, Paul W and McMillan, Collin},
  booktitle={Proceedings of the 22nd International Conference on Program Comprehension},
  pages={279--290},
  year={2014},
  organization={ACM}
}

@inproceedings{rodeghero2014improving,
  title={Improving automated source code summarization via an eye-tracking study of programmers},
  author={Rodeghero, Paige and McMillan, Collin and McBurney, Paul W and Bosch, Nigel and D'Mello, Sidney},
  booktitle={Proceedings of the 36th International Conference on Software Engineering},
  pages={390--401},
  year={2014},
  organization={ACM}
}

@article{movshovitz2013natural,
  title={Natural language models for predicting programming comments},
  author={Movshovitz-Attias, Dana and Cohen, William W},
  year={2013}
}

@inproceedings{socher2012semantic,
  title={Semantic compositionality through recursive matrix-vector spaces},
  author={Socher, Richard and Huval, Brody and Manning, Christopher D and Ng, Andrew Y},
  booktitle={Proceedings of the 2012 Joint Conference on Empirical Methods in Natural Language Processing and Computational Natural Language Learning},
  pages={1201--1211},
  year={2012},
  organization={Association for Computational Linguistics}
}

@inproceedings{socher2011dynamic,
  title={Dynamic Pooling and Unfolding Recursive Autoencoders for Paraphrase Detection.},
  author={Socher, Richard and Huang, Eric H and Pennington, Jeffrey and Ng, Andrew Y and Manning, Christopher D},
  booktitle={NIPS},
  volume={24},
  pages={801--809},
  year={2011}
}

@inproceedings{lin2004rouge,
  title={Rouge: A package for automatic evaluation of summaries},
  author={Lin, Chin-Yew},
  booktitle={Text summarization branches out: Proceedings of the ACL-04 workshop},
  volume={8},
  year={2004},
  organization={Barcelona, Spain}
}

@ARTICLE{Britz:2017,
  author          = {{Britz}, Denny and {Goldie}, Anna and {Luong}, Thang and {Le}, Quoc},
  title           = "{Massive Exploration of Neural Machine Translation Architectures}",
  journal         = {ArXiv e-prints},
  archivePrefix   = "arXiv",
  eprinttype      = {arxiv},
  eprint          = {1703.03906},
  primaryClass    = "cs.CL",
  keywords        = {Computer Science - Computation and Language},
  year            = 2017,
  month           = mar,
}

@inproceedings{iyer2016summarizing,
  title={Summarizing Source Code using a Neural Attention Model},
  author={Iyer, Srinivasan and Konstas, Ioannis and Cheung, Alvin and Zettlemoyer, Luke},
  booktitle={Proceedings of the 54th Annual Meeting of the Association for Computational Linguistics},
  pages={2073-2083},
  year={2016}
}

@article{kuhn2007semantic,
  title={Semantic clustering: Identifying topics in source code},
  author={Kuhn, Adrian and Ducasse, St{\'e}phane and G{\'\i}rba, Tudor},
  journal={Information and Software Technology},
  volume={49},
  number={3},
  pages={230--243},
  year={2007},
  publisher={Elsevier}
}

@article{maarek1991information,
  title={An information retrieval approach for automatically constructing software libraries},
  author={Maarek, Yo{\"e}lle S and Berry, Daniel M and Kaiser, Gail E},
  journal={IEEE Transactions on software Engineering},
  volume={17},
  number={8},
  pages={800--813},
  year={1991},
  publisher={IEEE}
}

@inproceedings{rollins1991specifications,
  title={Specifications as Search Keys for Software Libraries.},
  author={Rollins, Eugene J and Wing, Jeannette M},
  booktitle={ICLP},
  pages={173--187},
  year={1991},
  organization={Citeseer}
}

@article{garcia2016semantic,
  title={Semantic Code Browsing},
  author={Garcia-Contreras, Isabel and Morales, Jose F and Hermenegildo, Manuel V},
  journal={arXiv preprint arXiv:1608.02565},
  year={2016}
}

@article{mitchell2008hoogle,
  title={Hoogle overview},
  author={Mitchell, Neil},
  journal={The Monad. Reader},
  volume={12},
  pages={27--35},
  year={2008}
}

@inproceedings{cai2016code,
  title={Code parallelization through sequential code search},
  author={Cai, Bowen},
  booktitle={Proceedings of the 38th International Conference on Software Engineering Companion},
  pages={695--697},
  year={2016},
  organization={ACM}
}

@article{williams2005automatic,
  title={Automatic mining of source code repositories to improve bug finding techniques},
  author={Williams, Chadd C and Hollingsworth, Jeffrey K},
  journal={IEEE Transactions on Software Engineering},
  volume={31},
  number={6},
  pages={466--480},
  year={2005},
  publisher={IEEE}
}

@article{adhiselvam2015enhanced,
  title={An Enhanced Approach for Software Bug Localization using Map Reduce Technique based Apriori (MRTBA) Algorithm},
  author={Adhiselvam, A and Kirubakaran, E and Sukumar, R},
  journal={Indian Journal of Science and Technology},
  volume={8},
  number={35},
  year={2015}
}

@phdthesis{punyamurthula2015dynamic,
  title={Dynamic model generation and semantic search for open source projects using big data analytics},
  author={Punyamurthula, Sravani},
  year={2015},
  school={Faculty of the University Of Missouri-Kansas City in partial fulfillment Of the requirements for the degree MASTER OF SCIENCE By SRAVANI PUNYAMURTHULA B. Tech, Jawaharlal Nehru Technological University}
}

@phdthesis{murphy1996lightweight,
  title={Lightweight structural summarization as an aid to software evolution},
  author={Murphy, Gail Cecile},
  year={1996}
}

@inproceedings{sridhara2011generating,
  title={Generating parameter comments and integrating with method summaries},
  author={Sridhara, Giriprasad and Pollock, Lori and Vijay-Shanker, K},
  booktitle={Program Comprehension (ICPC), 2011 IEEE 19th International Conference on},
  pages={71--80},
  year={2011},
  organization={IEEE}
}

@inproceedings{haiduc2010use,
  title={On the use of automated text summarization techniques for summarizing source code},
  author={Haiduc, Sonia and Aponte, Jairo and Moreno, Laura and Marcus, Andrian},
  booktitle={Reverse Engineering (WCRE), 2010 17th Working Conference on},
  pages={35--44},
  year={2010},
  organization={IEEE}
}

@article{duchi2011adaptive,
  title={Adaptive subgradient methods for online learning and stochastic optimization},
  author={Duchi, John and Hazan, Elad and Singer, Yoram},
  journal={Journal of Machine Learning Research},
  volume={12},
  number={Jul},
  pages={2121--2159},
  year={2011}
}

@article{cho2014learning,
  title={Learning phrase representations using RNN encoder-decoder for statistical machine translation},
  author={Cho, Kyunghyun and Van Merri{\"e}nboer, Bart and Gulcehre, Caglar and Bahdanau, Dzmitry and Bougares, Fethi and Schwenk, Holger and Bengio, Yoshua},
  journal={arXiv preprint arXiv:1406.1078},
  year={2014}
}

@article{bahdanau2014neural,
  title={Neural machine translation by jointly learning to align and translate},
  author={Bahdanau, Dzmitry and Cho, Kyunghyun and Bengio, Yoshua},
  journal={arXiv preprint arXiv:1409.0473},
  year={2014}
}

@article{chen2016enhancing,
  title={Enhancing and combining sequential and tree lstm for natural language inference},
  author={Chen, Qian and Zhu, Xiaodan and Ling, Zhenhua and Wei, Si and Jiang, Hui},
  journal={arXiv preprint arXiv:1609.06038},
  year={2016}
}

@inproceedings{mikolov2010recurrent,
  title={Recurrent neural network based language model.},
  author={Mikolov, Tomas and Karafi{\'a}t, Martin and Burget, Lukas and Cernock{\`y}, Jan and Khudanpur, Sanjeev},
  booktitle={Interspeech},
  volume={2},
  pages={3},
  year={2010}
}

@article{elman1990finding,
  title={Finding structure in time},
  author={Elman, Jeffrey L},
  journal={Cognitive science},
  volume={14},
  number={2},
  pages={179--211},
  year={1990},
  publisher={Wiley Online Library}
}

@inproceedings{sutskever2011generating,
  title={Generating text with recurrent neural networks},
  author={Sutskever, Ilya and Martens, James and Hinton, Geoffrey E},
  booktitle={Proceedings of the 28th International Conference on Machine Learning (ICML-11)},
  pages={1017--1024},
  year={2011}
}

@article{vinyals2015neural,
  title={A neural conversational model},
  author={Vinyals, Oriol and Le, Quoc},
  journal={arXiv preprint arXiv:1506.05869},
  year={2015}
}

@inproceedings{sutskever2014sequence,
  title={Sequence to sequence learning with neural networks},
  author={Sutskever, Ilya and Vinyals, Oriol and Le, Quoc V},
  booktitle={Advances in neural information processing systems},
  pages={3104--3112},
  year={2014}
}

@article{nallapati2016abstractive,
  title={Abstractive text summarization using sequence-to-sequence rnns and beyond},
  author={Nallapati, Ramesh and Zhou, Bowen and Gulcehre, Caglar and Xiang, Bing and others},
  journal={arXiv preprint arXiv:1602.06023},
  year={2016}
}

@article{nallapati2016text,
  title={TEXT SUMMARIZATION},
  author={Nallapati, Ramesh and Xiang, Bing and Zhou, Bowen},
  journal={arXiv preprint arXiv:1602.06023},
  year={2016}
}

@inproceedings{xu2015show,
  title={Show, attend and tell: Neural image caption generation with visual attention},
  author={Xu, Kelvin and Ba, Jimmy and Kiros, Ryan and Cho, Kyunghyun and Courville, Aaron and Salakhudinov, Ruslan and Zemel, Rich and Bengio, Yoshua},
  booktitle={International Conference on Machine Learning},
  pages={2048--2057},
  year={2015}
}

@inproceedings{donahue2015long,
  title={Long-term recurrent convolutional networks for visual recognition and description},
  author={Donahue, Jeffrey and Anne Hendricks, Lisa and Guadarrama, Sergio and Rohrbach, Marcus and Venugopalan, Subhashini and Saenko, Kate and Darrell, Trevor},
  booktitle={Proceedings of the IEEE conference on computer vision and pattern recognition},
  pages={2625--2634},
  year={2015}
}

@inproceedings{haghighi2009exploring,
  title={Exploring content models for multi-document summarization},
  author={Haghighi, Aria and Vanderwende, Lucy},
  booktitle={Proceedings of Human Language Technologies: The 2009 Annual Conference of the North American Chapter of the Association for Computational Linguistics},
  pages={362--370},
  year={2009},
  organization={Association for Computational Linguistics}
}

@article{rush2015neural,
  title={A neural attention model for abstractive sentence summarization},
  author={Rush, Alexander M and Chopra, Sumit and Weston, Jason},
  journal={arXiv preprint arXiv:1509.00685},
  year={2015}
}

@inproceedings{socher2013recursive,
  title={Recursive deep models for semantic compositionality over a sentiment treebank},
  author={Socher, Richard and Perelygin, Alex and Wu, Jean Y and Chuang, Jason and Manning, Christopher D and Ng, Andrew Y and Potts, Christopher and others},
  booktitle={Proceedings of the conference on empirical methods in natural language processing (EMNLP)},
  volume={1631},
  pages={1642},
  year={2013}
}

@article{hochreiter1997long,
  title={Long short-term memory},
  author={Hochreiter, Sepp and Schmidhuber, J{\"u}rgen},
  journal={Neural computation},
  volume={9},
  number={8},
  pages={1735--1780},
  year={1997},
  publisher={MIT Press}
}

@article{schmidhuber1992learning,
  title={Learning complex, extended sequences using the principle of history compression},
  author={Schmidhuber, J{\"u}rgen},
  journal={Neural Computation},
  volume={4},
  number={2},
  pages={234--242},
  year={1992},
  publisher={MIT Press}
}

@article{paine2005hierarchical,
  title={How hierarchical control self-organizes in artificial adaptive systems},
  author={Paine, Rainer W and Tani, Jun},
  journal={Adaptive Behavior},
  volume={13},
  number={3},
  pages={211--225},
  year={2005},
  publisher={Sage Publications}
}

@inproceedings{du2015hierarchical,
  title={Hierarchical recurrent neural network for skeleton based action recognition},
  author={Du, Yong and Wang, Wei and Wang, Liang},
  booktitle={Proceedings of the IEEE conference on computer vision and pattern recognition},
  pages={1110--1118},
  year={2015}
}

@inproceedings{veeriah2015differential,
  title={Differential recurrent neural networks for action recognition},
  author={Veeriah, Vivek and Zhuang, Naifan and Qi, Guo-Jun},
  booktitle={Proceedings of the IEEE International Conference on Computer Vision},
  pages={4041--4049},
  year={2015}
}

@inproceedings{malinowski2015ask,
  title={Ask your neurons: A neural-based approach to answering questions about images},
  author={Malinowski, Mateusz and Rohrbach, Marcus and Fritz, Mario},
  booktitle={Proceedings of the IEEE International Conference on Computer Vision},
  pages={1--9},
  year={2015}
}
