@inproceedings{bowman2015large,
  title={A large annotated corpus for learning natural language inference},
  author={Bowman, Samuel and Angeli, Gabor and Potts, Christopher and Manning, Christopher D},
  booktitle={Proceedings of the 2015 Conference on Empirical Methods in Natural Language Processing},
  pages={632--642},
  year={2015}
}

@article{wang2018glue,
  title={GLUE: A Multi-Task Benchmark and Analysis Platform for Natural Language Understanding},
  author={Wang, Alex and Singh, Amanpreet and Michael, Julian and Hill, Felix and Levy, Omer and Bowman, Samuel R},
  journal={EMNLP 2018},
  pages={353},
  year={2018}
}

@article{bowmanlarge,
  title={A large annotated corpus for learning natural language inference},
  author={Bowman, Samuel R and Angeli, Gabor and Potts, Christopher and Manning, Christopher D}
}

@inproceedings{niven2019probing,
  title={Probing Neural Network Comprehension of Natural Language Arguments},
  author={Niven, Timothy and Kao, Hung-Yu},
  booktitle={Proceedings of the 57th Annual Meeting of the Association for Computational Linguistics},
  pages={4658--4664},
  year={2019}
}

@inproceedings{mostafazadeh2016corpus,
  title={A Corpus and Cloze Evaluation for Deeper Understanding of Commonsense Stories},
  author={Mostafazadeh, Nasrin and Chambers, Nathanael and He, Xiaodong and Parikh, Devi and Batra, Dhruv and Vanderwende, Lucy and Kohli, Pushmeet and Allen, James},
  booktitle={Proceedings of the 2016 Conference of the North American Chapter of the Association for Computational Linguistics: Human Language Technologies},
  pages={839--849},
  year={2016}
}

@inproceedings{roemmele2011choice,
  title={Choice of plausible alternatives: An evaluation of commonsense causal reasoning},
  author={Roemmele, Melissa and Bejan, Cosmin Adrian and Gordon, Andrew S},
  booktitle={2011 AAAI Spring Symposium Series},
  year={2011}
}

@inproceedings{zellers2018swag,
  title={SWAG: A Large-Scale Adversarial Dataset for Grounded Commonsense Inference},
  author={Zellers, Rowan and Bisk, Yonatan and Schwartz, Roy and Choi, Yejin},
  booktitle={Proceedings of the 2018 Conference on Empirical Methods in Natural Language Processing},
  pages={93--104},
  year={2018}
}

@inproceedings{lai2017race,
  title={RACE: Large-scale ReAding Comprehension Dataset From Examinations},
  author={Lai, Guokun and Xie, Qizhe and Liu, Hanxiao and Yang, Yiming and Hovy, Eduard},
  booktitle={Proceedings of the 2017 Conference on Empirical Methods in Natural Language Processing},
  pages={785--794},
  year={2017}
}

@inproceedings{naik2018stress,
  title={Stress Test Evaluation for Natural Language Inference},
  author={Naik, Aakanksha and Ravichander, Abhilasha and Sadeh, Norman and Rose, Carolyn and Neubig, Graham},
  booktitle={Proceedings of the 27th International Conference on Computational Linguistics},
  pages={2340--2353},
  year={2018}
}

@inproceedings{mccoy2019right,
  title={Right for the Wrong Reasons: Diagnosing Syntactic Heuristics in Natural Language Inference},
  author={McCoy, Tom and Pavlick, Ellie and Linzen, Tal},
  booktitle={Proceedings of the 57th Annual Meeting of the Association for Computational Linguistics},
  pages={3428--3448},
  year={2019}
}

@inproceedings{sanchez2018behavior,
  title={Behavior analysis of nli models: Uncovering the influence of three factors on robustness},
  author={Sanchez, Ivan and Mitchell, Jeff and Riedel, Sebastian},
  booktitle={Proceedings of the 2018 Conference of the North American Chapter of the Association for Computational Linguistics: Human Language Technologies, Volume 1 (Long Papers)},
  pages={1975--1985},
  year={2018}
}

@inproceedings{gururangan2018annotation,
  title={Annotation Artifacts in Natural Language Inference Data},
  author={Gururangan, Suchin and Swayamdipta, Swabha and Levy, Omer and Schwartz, Roy and Bowman, Samuel and Smith, Noah A},
  booktitle={Proceedings of the 2018 Conference of the North American Chapter of the Association for Computational Linguistics: Human Language Technologies, Volume 2 (Short Papers)},
  pages={107--112},
  year={2018}
}

@inproceedings{poliak2018hypothesis,
  title={Hypothesis Only Baselines in Natural Language Inference},
  author={Poliak, Adam and Naradowsky, Jason and Haldar, Aparajita and Rudinger, Rachel and Van Durme, Benjamin},
  booktitle={Proceedings of the Seventh Joint Conference on Lexical and Computational Semantics},
  pages={180--191},
  year={2018}
}

@article{bras2020adversarial,
  title={Adversarial Filters of Dataset Biases},
  author={Bras, Ronan Le and Swayamdipta, Swabha and Bhagavatula, Chandra and Zellers, Rowan and Peters, Matthew E and Sabharwal, Ashish and Choi, Yejin},
  journal={arXiv preprint arXiv:2002.04108},
  year={2020}
}

@inproceedings{wang2019if,
  title={What if we simply swap the two text fragments? A straightforward yet effective way to test the robustness of methods to confounding signals in nature language inference tasks},
  author={Wang, Haohan and Sun, Da and Xing, Eric P},
  booktitle={Proceedings of the AAAI Conference on Artificial Intelligence},
  volume={33},
  pages={7136--7143},
  year={2019}
}

@article{kavumbabalanced-copa,
  title={Balanced COPA: Countering Superficial Cues in Causal Reasoning},
  author={Kavumba, Pride and Inoue, Naoya and Heinzerling, Benjamin and Singh, Keshav and Reisert, Paul and Inui, Kentaro}
}

@article{schuster2019towards,
  title={Towards debiasing fact verification models},
  author={Schuster, Tal and Shah, Darsh J and Yeo, Yun Jie Serene and Filizzola, Daniel and Santus, Enrico and Barzilay, Regina},
  journal={arXiv preprint arXiv:1908.05267},
  year={2019}
}

@article{yu2020reclor,
  title={ReClor: A Reading Comprehension Dataset Requiring Logical Reasoning},
  author={Yu, Weihao and Jiang, Zihang and Dong, Yanfei and Feng, Jiashi},
  journal={arXiv preprint arXiv:2002.04326},
  year={2020}
}

@inproceedings{lowe2015ubuntu,
  title={The Ubuntu Dialogue Corpus: A Large Dataset for Research in Unstructured Multi-Turn Dialogue Systems},
  author={Lowe, Ryan and Pow, Nissan and Serban, Iulian Vlad and Pineau, Joelle},
  booktitle={Proceedings of the 16th Annual Meeting of the Special Interest Group on Discourse and Dialogue},
  pages={285--294},
  year={2015}
}

@inproceedings{talmor2019commonsenseqa,
  title={CommonsenseQA: A Question Answering Challenge Targeting Commonsense Knowledge},
  author={Talmor, Alon and Herzig, Jonathan and Lourie, Nicholas and Berant, Jonathan},
  booktitle={Proceedings of the 2019 Conference of the North American Chapter of the Association for Computational Linguistics: Human Language Technologies, Volume 1 (Long and Short Papers)},
  pages={4149--4158},
  year={2019}
}

@inproceedings{sharma2018tackling,
  title={Tackling the story ending biases in the story cloze test},
  author={Sharma, Rishi and Allen, James and Bakhshandeh, Omid and Mostafazadeh, Nasrin},
  booktitle={Proceedings of the 56th Annual Meeting of the Association for Computational Linguistics (Volume 2: Short Papers)},
  pages={752--757},
  year={2018}
}

@inproceedings{srinivasan2018simple,
  title={A Simple and Effective Approach to the Story Cloze Test},
  author={Srinivasan, Siddarth and Arora, Richa and Riedl, Mark},
  booktitle={Proceedings of the 2018 Conference of the North American Chapter of the Association for Computational Linguistics: Human Language Technologies, Volume 2 (Short Papers)},
  pages={92--96},
  year={2018}
}

@inproceedings{clark2019don,
  title={Donâ€™t Take the Easy Way Out: Ensemble Based Methods for Avoiding Known Dataset Biases},
  author={Clark, Christopher and Yatskar, Mark and Zettlemoyer, Luke},
  booktitle={Proceedings of the 2019 Conference on Empirical Methods in Natural Language Processing and the 9th International Joint Conference on Natural Language Processing (EMNLP-IJCNLP)},
  pages={4060--4073},
  year={2019}
}

@article{he2019unlearn,
  title={Unlearn Dataset Bias in Natural Language Inference by Fitting the Residual},
  author={He, He and Zha, Sheng and Wang, Haohan},
  journal={EMNLP-IJCNLP 2019},
  pages={132},
  year={2019}
}

@article{yaghoobzadeh2019robust,
  title={Robust Natural Language Inference Models with Example Forgetting},
  author={Yaghoobzadeh, Yadollah and Tachet, Remi and Hazen, TJ and Sordoni, Alessandro},
  journal={arXiv preprint arXiv:1911.03861},
  year={2019}
}

@inproceedings{joulin2017bag,
  title={Bag of Tricks for Efficient Text Classification},
  author={Joulin, Armand and Grave, {\'E}douard and Bojanowski, Piotr and Mikolov, Tom{\'a}{\v{s}}},
  booktitle={Proceedings of the 15th Conference of the European Chapter of the Association for Computational Linguistics: Volume 2, Short Papers},
  pages={427--431},
  year={2017}
}

@article{devlin2018bert,
  title={Bert: Pre-training of deep bidirectional transformers for language understanding},
  author={Devlin, Jacob and Chang, Ming-Wei and Lee, Kenton and Toutanova, Kristina},
  journal={arXiv preprint arXiv:1810.04805},
  year={2018}
}

@inproceedings{zhu2015aligning,
  title={Aligning books and movies: Towards story-like visual explanations by watching movies and reading books},
  author={Zhu, Yukun and Kiros, Ryan and Zemel, Rich and Salakhutdinov, Ruslan and Urtasun, Raquel and Torralba, Antonio and Fidler, Sanja},
  booktitle={Proceedings of the IEEE international conference on computer vision},
  pages={19--27},
  year={2015}
}

@inproceedings{vaswani2017attention,
  title={Attention is all you need},
  author={Vaswani, Ashish and Shazeer, Noam and Parmar, Niki and Uszkoreit, Jakob and Jones, Llion and Gomez, Aidan N and Kaiser, {\L}ukasz and Polosukhin, Illia},
  booktitle={Advances in neural information processing systems},
  pages={5998--6008},
  year={2017}
}

@inproceedings{peters2018deep,
  title={Deep Contextualized Word Representations},
  author={Peters, Matthew and Neumann, Mark and Iyyer, Mohit and Gardner, Matt and Clark, Christopher and Lee, Kenton and Zettlemoyer, Luke},
  booktitle={Proceedings of the 2018 Conference of the North American Chapter of the Association for Computational Linguistics: Human Language Technologies, Volume 1 (Long Papers)},
  pages={2227--2237},
  year={2018}
}

@inproceedings{thorne2018fever,
  title={FEVER: a Large-scale Dataset for Fact Extraction and VERification},
  author={Thorne, James and Vlachos, Andreas and Christodoulopoulos, Christos and Mittal, Arpit},
  booktitle={ACL},
  year={2018}
}

@inproceedings{williams2018broad,
  title={A Broad-Coverage Challenge Corpus for Sentence Understanding through Inference},
  author={Williams, Adina and Nangia, Nikita and Bowman, Samuel},
  booktitle={Proceedings of the 2018 Conference of the North American Chapter of the Association for Computational Linguistics: Human Language Technologies, Volume 1 (Long Papers)},
  year={2018}
}

@article{liu2019roberta,
  title={Roberta: A robustly optimized bert pretraining approach},
  author={Liu, Yinhan and Ott, Myle and Goyal, Naman and Du, Jingfei and Joshi, Mandar and Chen, Danqi and Levy, Omer and Lewis, Mike and Zettlemoyer, Luke and Stoyanov, Veselin},
  journal={arXiv preprint arXiv:1907.11692},
  year={2019}
}

@article{nie2019adversarial,
  title={Adversarial nli: A new benchmark for natural language understanding},
  author={Nie, Yixin and Williams, Adina and Dinan, Emily and Bansal, Mohit and Weston, Jason and Kiela, Douwe},
  journal={arXiv preprint arXiv:1910.14599},
  year={2019}
}

@article{min2020syntactic,
  title={Syntactic data augmentation increases robustness to inference heuristics},
  author={Min, Junghyun and McCoy, R Thomas and Das, Dipanjan and Pitler, Emily and Linzen, Tal},
  journal={arXiv preprint arXiv:2004.11999},
  year={2020}
}

@article{perez2017effectiveness,
  title={The effectiveness of data augmentation in image classification using deep learning},
  author={Perez, Luis and Wang, Jason},
  journal={arXiv preprint arXiv:1712.04621},
  year={2017}
}

@article{belinkov2017synthetic,
  title={Synthetic and natural noise both break neural machine translation},
  author={Belinkov, Yonatan and Bisk, Yonatan},
  journal={arXiv preprint arXiv:1711.02173},
  year={2017}
}

@inproceedings{minervini2018adversarially,
  title={Adversarially Regularising Neural NLI Models to Integrate Logical Background Knowledge},
  author={Minervini, Pasquale and Riedel, Sebastian},
  booktitle={Proceedings of the 22nd Conference on Computational Natural Language Learning},
  year={2018}
}

@inproceedings{yanaka2019help,
  title={HELP: A Dataset for Identifying Shortcomings of Neural Models in Monotonicity Reasoning},
  author={Yanaka, Hitomi and Mineshima, Koji and Bekki, Daisuke and Inui, Kentaro and Sekine, Satoshi and Abzianidze, Lasha and Bos, Johan},
  booktitle={Proceedings of the Eighth Joint Conference on Lexical and Computational Semantics (* SEM 2019)},
  year={2019}
}

@inproceedings{jia2017adversarial,
  title={Adversarial Examples for Evaluating Reading Comprehension Systems},
  author={Jia, Robin and Liang, Percy},
  booktitle={Proceedings of the 2017 Conference on Empirical Methods in Natural Language Processing},
  pages={2021--2031},
  year={2017}
}

@inproceedings{ribeiro2018semantically,
  title={Semantically equivalent adversarial rules for debugging nlp models},
  author={Ribeiro, Marco Tulio and Singh, Sameer and Guestrin, Carlos},
  booktitle={Proceedings of the 56th Annual Meeting of the Association for Computational Linguistics (Volume 1: Long Papers)},
  pages={856--865},
  year={2018}
}

@inproceedings{iyyer2018adversarial,
  title={Adversarial Example Generation with Syntactically Controlled Paraphrase Networks},
  author={Iyyer, Mohit and Wieting, John and Gimpel, Kevin and Zettlemoyer, Luke},
  booktitle={Proceedings of the 2018 Conference of the North American Chapter of the Association for Computational Linguistics: Human Language Technologies, Volume 1 (Long Papers)},
  year={2018}
}

@inproceedings{liu2019inoculation,
  title={Inoculation by Fine-Tuning: A Method for Analyzing Challenge Datasets},
  author={Liu, Nelson F and Schwartz, Roy and Smith, Noah A},
  booktitle={Proceedings of the 2019 Conference of the North American Chapter of the Association for Computational Linguistics: Human Language Technologies, Volume 1 (Long and Short Papers)},
  year={2019}
}
