@INPROCEEDINGS{679661, 
author={Gaunard, P. and Mubikangiey, C.G. and Couvreur, C. and Fontaine, V.}, 
booktitle={IEEE International Conference on Acoustics, Speech and Signal Processing}, 
title={Automatic classification of environmental noise events by hidden Markov models}, 
year={1998}, 
month={May}, 
volume={6}, 
pages={3609-3612 vol.6} 
}

@INPROCEEDINGS{5745009, 
author={Peltonen, Vesa and Tuomi, Juha and Klapuri, A. and Huopaniemi, Jyri and Sorsa, Timo}, 
booktitle={IEEE International Conference on Acoustics, Speech, and Signal Processing (ICASSP)}, 
title={Computational auditory scene recognition}, 
year={2001}, 
pages={1941--1944}, 
}

@ARTICLE{1561288, 
author={Eronen, A.J. and Peltonen, V.T. and Tuomi, J.T. and Klapuri, A.P. and Fagerlund, S. and Sorsa, Timo and Lorho, G. and Huopaniemi, Jyri}, 
journal={IEEE Transactions on Audio, Speech, and Language Processing}, 
title={Audio-based context recognition}, 
year={2006}, 
month={Jan}, 
volume={14}, 
number={1}, 
pages={321-329} 
}

@ARTICLE{5109766, 
author={Chu, S. and Narayanan, S. and Kuo, C.-C.J.}, 
journal={IEEE Transactions on Audio, Speech, and Language Processing}, 
title={Environmental Sound Recognition With Time-Frequency Audio Features}, 
year={2009}, 
month={Aug}, 
volume={17}, 
number={6}, 
pages={1142-1158} 
}

@INPROCEEDINGS{5946409, 
author={Weninger, F. and Schuller, B.}, 
booktitle={IEEE International Conference on Acoustics, Speech and Signal Processing (ICASSP)}, 
title={Audio recognition in the wild: Static and dynamic classification on a real-world database of animal vocalizations}, 
year={2011}, 
month={May}, 
pages={337-340} 
}

@INPROCEEDINGS{Dubnov_audiosegmentation,
    author = {Shlomo Dubnov and Ted Apel},
    title = {Audio segmentation by singular value clustering},
    booktitle = {Proceedings of Int. Conf. Computer Music (ICMC)},
    year = {},
    pages = {454--457},
}

@ARTICLE{1621215, 
author={Lian-Hong Cai and Lie Lu and Hanjalic, A. and Hong-Jiang Zhang and Lian-Hong Cai}, 
journal={IEEE Transactions on Audio, Speech, and Language Processing}, 
title={A flexible framework for key audio effects detection and auditory context inference}, 
year={2006}, 
month={May}, 
volume={14}, 
number={3}, 
pages={1026-1039} 
}


@inproceedings{heittola2010audio,
  title={Audio context recognition using audio event histograms},
  author={Heittola, Toni and Mesaros, Annamaria and Eronen, Antti and Virtanen, Tuomas},
  booktitle={18th European Signal Processing Conference},
  pages={1272--1276},
  year={2010}
}

@inproceedings{mesaros2010acoustic,
  title={Acoustic event detection in real life recordings},
  author={Mesaros, Annamaria and Heittola, Toni and Eronen, Antti and Virtanen, Tuomas},
  booktitle={18th European Signal Processing Conference},
  pages={1267--1271},
  year={2010}
}

@article{chumieee,
  title={{IEEE} {AASP} SCENE CLASSIFICATION CHALLENGE USING 
HIDDEN MARKOV MODELS AND FRAME BASED CLASSIFICATION},
  author={Chum, May and Habshush, Ariel and Rahman, Abrar and Sang, Christopher}
}

@article{elizaldevector,
  title={AN I-VECTOR BASED APPROACH FOR AUDIO SCENE DETECTION},
  author={Elizalde, Benjamin and Lei, Howard and Friedland, Gerald and Peters, Nils}
}
@article{geigerrecognising,
  title={RECOGNISING ACOUSTIC SCENES WITH LARGE-SCALE AUDIO FEATURE EXTRACTION AND SVM},
  author={Geiger, J{\"u}rgen T and Schuller, Bj{\"o}rn and Rigoll, Gerhard}
}
@article{krijnders400tone,
  title={A TONE-FIT FEATURE REPRESENTATION FOR SCENE CLASSIFICATION},
  author={Krijnders, Johannes D and Gineke, A},
}
@article{liauditory,
  title={AUDITORY SCENE CLASSIFICATION USING MACHINE LEARNING TECHNIQUES},
  author={Li, David and Tam, Jason and Toub, Derek}
}
@article{namacoustic,
  title={ACOUSTIC SCENE CLASSIFICATION USING SPARSE FEATURE LEARNING AND SELECTIVE MAX-POOLING BY EVENT DETECTION},
  author={Nam, Juhan and Hyung, Ziwon and Lee, Kyogu}
}

@article{nogueirasound,
  title={SOUND SCENE IDENTIFICATION BASED ON MFCC, BINAURAL FEATURES AND A SUPPORT VECTOR MACHINE CLASSIFIER},
  author={Nogueira, Waldo and Roma, Gerard and Herrera, Perfecto}
}

@article{emanuele,
  title={THE WONDERS OF THE NORMALIZED COMPRESSION DISSIMILARITY REPRESENTATION},
  author={Emanuele Olivetti},
}
@article{patil2002multiresolution,
  title={MULTIRESOLUTION AUDITORY REPRESENTATIONS FOR SCENE CLASSIFICATION},
  author={Patil, Kailash and Elhilali, Mounya}
}

@article{rakotomamonjy,
  title={HISTOGRAM OF GRADIENTS OF TIME-FREQUENCY REPRESENTATIONS FOR AUDIO
SCENE CLASSIFICATION},
  author={A. Rakotomamonjy, G.Gasso}
}

@article{romarecurrence,
  title={RECURRENCE QUANTIFICATION ANALYSIS FEATURES FOR AUDITORY SCENE CLASSIFICATION},
  author={Roma, Gerard and Nogueira, Waldo and Herrera, Perfecto and de Boronat, Roc}
}

@INPROCEEDINGS{6701819, 
author={Giannoulis, D. and Benetos, E. and Stowell, D. and Rossignol, M. and Lagrange, M. and Plumbley, M.D.}, 
booktitle={IEEE Workshop on Applications of Signal Processing to Audio and Acoustics (WASPAA)}, 
title={Detection and classification of acoustic scenes and events: An IEEE AASP challenge}, 
year={2013}, 
month={Oct}, 
pages={1-4} 
}

@inproceedings{dehak2009support,
  title={Support vector machines versus fast scoring in the low-dimensional total variability space for speaker verification.},
  author={Dehak, Najim and Dehak, Reda and Kenny, Patrick and Br{\"u}mmer, Niko and Ouellet, Pierre and Dumouchel, Pierre},
  booktitle={INTERSPEECH},
  volume={9},
  pages={1559--1562},
  year={2009}
}

@INPROCEEDINGS{5947437, 
author={Burget, L. and Plchot, O. and Cumani, S. and Glembek, O. and Matejka, P. and Brummer, N.}, 
booktitle={Acoustics, Speech and Signal Processing (ICASSP), 2011 IEEE International Conference on}, 
title={Discriminatively trained Probabilistic Linear Discriminant Analysis for speaker verification}, 
year={2011}, 
month={May}, 
pages={4832-4835}
}

@inproceedings{lee2007sparse,
  title={Sparse deep belief net model for visual area V2.},
  author={Lee, Honglak and Ekanadham, Chaitanya and Ng, Andrew Y},
  booktitle={NIPS},
  volume={7},
  pages={873--880},
  year={2007}
}

@article{rf,
year={2001},
issn={0885-6125},
journal={Machine Learning},
volume={45},
number={1},
title={Random Forests},
publisher={Kluwer Academic Publishers},
author={Breiman, Leo},
pages={5-32}
}

@article{zbilut2006recurrence,
  title={Recurrence quantification analysis},
  author={Zbilut, Joseph P and Webber, Charles L},
  journal={Wiley encyclopedia of biomedical engineering},
  year={2006},
  publisher={Wiley Online Library}
}

@article{mitrovic2010features,
  title={Features for content-based audio retrieval},
  author={Mitrovi{\'c}, Dalibor and Zeppelzauer, Matthias and Breiteneder, Christian},
  journal={Advances in computers},
  volume={78},
  pages={71--150},
  year={2010},
  publisher={Elsevier}
}

@INPROCEEDINGS{4761905, 
author={Zhi Zeng and Xin Li and Xiaohong Ma and Qiang Ji}, 
booktitle={19th International Conference on Pattern Recognition}, 
title={Adaptive context recognition based on audio signal}, 
year={2008}, 
month={Dec}, 
pages={1-4}, 
}

@INPROCEEDINGS{1181092, 
author={Dong Enqing and Liu Guizhong and Zhou Yatong and Cai Yu}, 
booktitle={6th International Conference on Signal Processing}, 
title={Voice activity detection based on short-time energy and noise 
	spectrum adaptation}, 
year={2002}, 
month={Aug}, 
volume={1}, 
pages={464-467 vol.1}, 
}

@ARTICLE{1163420, 
author={Davis, S. and Mermelstein, P.}, 
journal={IEEE Transactions on Acoustics, Speech and Signal Processing}, 
title={Comparison of parametric representations for monosyllabic word recognition in continuously spoken sentences}, 
year={1980}, 
month={Aug}, 
volume={28}, 
number={4}, 
pages={357-366}
} 

@ARTICLE{237532, 
author={Picone, J.W.}, 
journal={Proceedings of the IEEE}, 
title={Signal modeling techniques in speech recognition}, 
year={1993}, 
month={Sep}, 
volume={81}, 
number={9}, 
pages={1215-1247} 
}

@ARTICLE{397093, 
author={Jankowski, C.R., Jr. and Vo, H.-D.H. and Lippmann, R.P.}, 
journal={IEEE Transactions on Speech and Audio Processing}, 
title={A comparison of signal processing front ends for automatic word recognition}, 
year={1995}, 
month={Jul}, 
volume={3}, 
number={4}, 
pages={286-293} 
}

@inproceedings{Cardin:1993:ICM:1946943.1947011,
 author = {Cardin, R{\'e}gis and Normandin, Yves and Millien, Evelyne},
 title = {Inter-word Coarticulation Modeling and MMIE Training for Improved Connected Digit Recognition},
 booktitle = {Proceedings of the 1993 IEEE International Conference on Acoustics, Speech, and Signal Processing: Speech Processing - Volume II},
 series = {ICASSP'93},
 year = {1993},
 pages = {243--246},
 numpages = {4}
} 

@TECHREPORT{LML,
  title={Activity Inference from Audio Signal Using Knowledge Base},
  author={MengLu Li},
  year={2013}
}

@inproceedings{wu2012probase,
  title={Probase: A probabilistic taxonomy for text understanding},
  author={Wu, Wentao and Li, Hongsong and Wang, Haixun and Zhu, Kenny Q},
  booktitle={Proceedings of International Conference on Management of Data (SIGMOD)},
  pages={481--492},
  year={2012},
  organization={ACM}
}
@article{miller1995wordnet,
  title={WordNet: a lexical database for English},
  author={Miller, George A},
  journal={Communications of the ACM},
  volume={38},
  number={11},
  pages={39--41},
  year={1995},
  publisher={ACM}
}

@misc{toutanovastanford,
  title={The Stanford NLP Group Part-of-Speech Tagger. },
  author={Toutanova, K},
  year={2009}
}
@misc{stanfordtoolkits,
  title={Toolkits},
  author={Stanford, NLP}
}

@article{Blei:2003:LDA:944919.944937,
 author = {Blei, David M. and Ng, Andrew Y. and Jordan, Michael I.},
 title = {Latent Dirichlet Allocation},
 journal = {J. Mach. Learn. Res.},
 issue_date = {3/1/2003},
 volume = {3},
 month = mar,
 year = {2003},
 pages = {993--1022},
 numpages = {30}
} 

@article{peltonen2001recognition,
  title={Recognition of everyday auditory scenes: potentials, latencies and cues},
  author={Peltonen, Vesa TK and Eronen, Antti J and Parviainen, Mikko P and Klapuri, Anssi P},
  journal={PREPRINTS-AUDIO ENGINEERING SOCIETY},
  year={2001},
  publisher={Audio Engineering Society; 1999}
}

@INPROCEEDINGS{4587600, 
author={Yan Liu and Perronnin, F.}, 
booktitle={Computer Vision and Pattern Recognition, 2008. CVPR 2008. IEEE Conference on}, 
title={A similarity measure between unordered vector sets with application to image categorization}, 
year={2008}, 
month={June}, 
pages={1-8}
} 

@article{kullback51:KL,
  title={On Information and Sufficiency},
  author={S Kullback and R.A. Leibler},
  journal={Annals of Mathematical Statistics},
  year={1951},
  volume={22},
  number={1}
}

@book{comon2010handbook,
  title={Handbook of Blind Source Separation: Independent component analysis and applications},
  author={Comon, Pierre and Jutten, Christian},
  year={2010},
  publisher={Academic press}
}

@article{Heittola2013EURASIP,
  author   = {Heittola, Toni and Mesaros, Annamaria and Eronen, Antti and Virtanen, Tuomas},
  journal  = {EURASIP Journal on Audio, Speech and Music Processing},  
  title    = {Context-Dependent Sound Event Detection},  
  year     = {2013},
  publisher= {Springer-Verlag}
}

@INPROCEEDINGS{Cano2004:anno, 
author={P. Cano and M. Koppenberger}, 
booktitle={14th IEEE Workshop on Machine Learning for Signal Processing}, 
title={Automatic Sound Annotation}, 
year={2004} 
}

@INPROCEEDINGS{Cano2004:tax, 
author={P. Cano and M. Koppenberger and P. Herrera}, 
booktitle={AES}, 
title={Sound effects taxonomy management in production environments}, 
year={2004} 
}

@inproceedings{CanoKGHRW04,
  author    = {Pedro Cano and
               Markus Koppenberger and
               Sylvain Le Groux and
               Perfecto Herrera and
               Julien Ricard and
               Nicolas Wack},
  title     = {Knowledge and Content-Based Audio Retrieval Using Wordnet},
  booktitle = {ICETE (3)},
  year      = {2004},
  pages     = {301-308}
}

@INPROCEEDINGS{1521669, 
author={Clavel, C. and Ehrette, T. and Richard, G.}, 
booktitle={IEEE International Conference on Multimedia and Expo (ICME)}, 
title={Events Detection for an Audio-Based Surveillance System}, 
year={2005}, 
month={July}, 
pages={1306-1309}, 
}

@article{Fagerlund:2007:BSR:1288980.1289030,
 author = {Fagerlund, Seppo},
 title = {Bird Species Recognition Using Support Vector Machines},
 journal = {EURASIP J. Appl. Signal Process.},
 issue_date = {1 January 2007},
 volume = {2007},
 number = {1},
 month = jan,
 year = {2007},
 issn = {1110-8657},
 pages = {64--64},
 }

@INPROCEEDINGS{Kraft05temporalica,
    author = {Florian Kraft and Robert Malkin and Thomas Schaaf and Alex Waibel},
    title = {Temporal ICA for Classification of Acoustic Events in a Kitchen Environment},
    booktitle = {Proceedings of the INTERSPEECH},
    year = {2005}
}

@incollection{bathroom,
year={2005},
isbn={978-3-540-26008-0},
booktitle={Pervasive Computing},
volume={3468},
series={Lecture Notes in Computer Science},
editor={Gellersen, Hans-W. and Want, Roy and Schmidt, Albrecht},
title={Bathroom Activity Monitoring Based on Sound},
publisher={Springer Berlin Heidelberg},
author={Chen, Jianfeng and Kam, AlvinHarvey and Zhang, Jianmin and Liu, Ning and Shue, Louis},
pages={47-61}
}

@inproceedings{deng2009imagenet,
  title={Imagenet: A large-scale hierarchical image database},
  author={Deng, Jia and Dong, Wei and Socher, Richard and Li, Li-Jia and Li, Kai and Fei-Fei, Li},
  booktitle={IEEE Conference on Computer Vision and Pattern Recognition (CVPR)},
  pages={248--255},
  year={2009},
  organization={IEEE}
}
