@InProceedings{cornell-corpus,

  author={Cristian Danescu-Niculescu-Mizil and Lillian Lee},

  title={Chameleons in imagined conversations: A new approach to understanding coordination of linguistic style in dialogs.},

  booktitle={ACL},

  year={2011}
}


@InProceedings{flover,
  author={James J. Bradac},
  title={The language of lovers, flovers, and friends: communicating in social and personal relationships},
  journal={Journal of language and social psychology},
  year={1983},
  volume  = {2},
  issue   = {2,3&4},
}

@article{taxonomy2,
	author  = {Robert S. Weiss},
	title   = {A Taxonomy of Relationships},
	journal = {Journal Of Social and Personal Relationships},
	year    = {1998},
	volume  = {15},
	issue   = {5},
	pages   = {671-683},
}

@book{taxonomy1,
  author  = {Miles Hewstone, Henk A.W. Schut et al.},
  title   = {The Scope of Social Psychology: Theory and Applications},
  year    = "2007",
  publisher = {Psychology Press},
}


@book{stability,
  author  = {Anita L. Vangelisti, Harry T. Reis, Mary Anne Fitzpatrick},
  title   = {Stability and Change in Relationships},
  year    = "2002",
  publisher = {Cambridge University Press},
}

@article{mind-reading,
	author  = {Judy Dunn},
	title   = {Mind-reading, emotion understanding, and relationships},
	journal = {International Journal of Behavioral Development},
	year    = {2000},
	volume  = {24},
	issue   = {2},
	pages   = {142-144},
	doi = "10.1080/016502500383241",
}
@InProceedings{cnn,
  author={Yoon Kim},
  title={Convolutional neural networks for sen-tence classification},
  journal={EMNLP},
  year={2014},
  pages={1746-1751},
}

@InProceedings{lstm,
  author={Sepp Hochreiter and Jürgen Schmidhuber},
  title={Long Short-term Memory},
  journal={Neural Computation},
  year={1997},
  volume  = {9},
  issue   = {8},
  pages = {1735-1780}
}

@InProceedings{hierarchy,
  author={Zichao Yang and Diyi Yang and Chris Dyer and Xiaodong He and Alex Smola and Eduard Hovy},
  title={Hierarchical Attention Networks for Document Classification},
  journal={Proceedings of NAACL-HLT},
  year={2016},
  pages = {1480-1489}
}

@article{class-rules,
	author  = {Michael Argyle and Monika Henderon},
	title   = {The Rules of Friendship},
	journal = {Journal Of Social and Personal Relationships},
	year    = {1984},
	volume  = {1},
	pages   = {211-37},
}

@article{class1,
	author  = {Margaret S. Clark and Judson Mills},
	title   = {Interpersonal Attraction in Exchange and Communal Relationships},
	journal = {Journal Of Personality and Social Psychology},
	year    = {1979},
	volume  = {37},
	issue   = {1},
	pages   = {12-24},
	doi = "10.1037/0022-3514.37.1.12",
}

@article{class-property,
	author  = {Argyle, M. and Furnham, A.},
	title   = {Sources of satisfaction and conflict in long-term relationships},
	journal = {Journal Of Marriage and the Family},
	year    = {1983},
	issue  = {45},
	pages   = {481-93},
}

@article{class-SDT,
	author  = {Jennifer G. La Guardia and Heather Patrick},
	title   = {Self-Determination Theory as a Fundamental Theory of Close Relationships},
	journal = {Canadian Psychology},
	year    = {2008},
	volume = {49},
	issue  = {3},
	pages   = {201-209},
}

@book{encyclopaedia,
  author  = {Harry T. Reis and Susan Sprecher},
  title   = {Encyclopedia of Human Relationships},
  year    = {2009},
  publisher = {SAGE Publications},
}

@InProceedings{address-term,
  author={Vinodh Krishnan and Jacob Eisenstein},
  title={“You’re Mr. Lebowski, I’m the Dude”: Inducing Address Term Formality in Signed Social Networks},
  journal={NAACL HLT},
  year={2015},
  pages = {1616-1626}
}

@book{television,
  author  = {Sonia M. Livingstone},
  title   = {Making Sense of Television: The Psychology of Audience Interpretation},
  year    = {1990},
  publisher = {Pergamon Press},
}

@article{LDA,
	author  = {David M. Blei, Andrew Y. Ng, Michael I. Jordan},
	title   = {Latent Dirichlet Allocation},
	journal = {Journal of Machine Learning Research},
	year    = {2003},
	volume = {3},
	pages   = {993-1022},
}

@inproceedings{gensim,
      title = {Software Framework for Topic Modelling with Large Corpora},
      author = {Radim {\v R}eh{\r u}{\v r}ek and Petr Sojka},
      booktitle = {{Proceedings of the LREC 2010 Workshop on New
           Challenges for NLP Frameworks}},
      pages = {45--50},
      year = {2010},
      publisher = {ELRA},
      note={\url{http://is.muni.cz/publication/884893/en}},
}

@inproceedings{stanfordcorenlp,
      title = {Software Framework for Topic Modelling with Large Corpora},
      author = {Danqi Chen and Christopher Manning},
      booktitle = {Proceedings of EMNLP},
      year = {2014},
}

@book{liwc,
  author  = {Pennebaker, J.W. and  Booth, R.J. and Boyd, R.L. and Francis, M.E.},
  title   = {Linguistic Inquiry and
Word Count: LIWC2015},
  year    = {2015},
  publisher = {Pennebaker Conglomerates},
  note={\url{www.LIWC.net}},
}

@article{liwc2,
      title = {The Psychological Meaning of Words: LIWC and Computerized Text Analysis Methods},
      author = {Yla R. Tausczik and James W. Pennebaker},
      booktitle = {Journal of Language and Social Psychology},
      year = {2010},
      volume = {29},
	  issue  = {1},
	  pages   = {24-54},
}

@book{sentiment,
  author  = {Bing Liu},
  title   = {Sentiment Analysis and Opinion Mining},
  year    = {2012},
  publisher = {Morgan and Claypool Publishers},
}

@article{deception,
      title = {Linguistic Cues to Deception and Perceived Deception in Interview Dialogues},
      author = {Sarah Ita Levitan and Angel Maredia and Julia Hirschberg},
      booktitle = {Proceedings of NAACL-HLT},
      year = {2018},
	  pages   = {1941-1950},
}

@article{entrainment,
      title = {Acoustic-Prosodic and Lexical Entrainment in Deceptive Dialogue},
      author = {Sarah Ita Levitan and Angel Maredia and Julia Hirschberg},
      booktitle = {Proc. 9th International Conference on Speech Prosody},
      year = {2018},
    pages   = {532-536},
}

@inproceedings{politeness,
      title = { A computational approach to politeness with application to social factors},
      author = {Cristian Danescu-Niculescu-Mizil and Moritz Sudhof and Dan Jurafsky and Jure Leskovec and Christopher Potts},
      booktitle = {Proceedings of ACL},
      year = {2013},
}

@inproceedings{glove,
      title = {GloVe: Global Vectors for Word Representation},
      author = {Jeffrey Pennington and Richard Socher and Christopher D. Manning},
      booktitle = {Proceedings of EMNLP},
      year = {2014},
      page = {1532-1543}
}

@inproceedings{rel-mining-1,
      title = {Feuding Families and Former Friends: Unsupervised Learning for Dynamic Fictional Relationships},
      author = {Mohit Iyyer and Anupam Guha and Snigdha Chaturvedi and Jordan Boyd-Graber and Hal Daume III},
      booktitle = {Proceedings of NAACL-HLT},
      year = {2016},
      page = {1534-1544}
}

@inproceedings{rel-mining-2,
      title = {Unsupervised Learning of Evolving Relationships Between Literary Characters},
      author = {Snigdha Chaturvedi and Mohit Iyyer and Hal Daum\'e III},
      booktitle = {Proceedings of AAAI},
      year = {2017},
}

@inproceedings{rel-mining-3,
      title = {Inferring Interpersonal Relations in Narrative Summaries},
      author = {Shashank Srivastava and Snigdha Chaturvedi and Tom Mitchell},
      booktitle = {Proceedings of AAAI},
      year = {2016},
}

@inproceedings{relation-act,
      title = {SINNET: Social Interaction Network Extractor from Text},
      author = {Apoorv Agarwal and Anup Kotalwar and Jiehan Zheng and Owen Rambow},
      booktitle = {The Companion Volume of the Proceedings of IJCNLP},
      year = {2013},
}

@inproceedings{relation-conver,
      title = {Extracting Social Networks from Literary Fiction},
      author = {David K. Elson and Nicholas Dames and Kathleen R. McKeown},
      booktitle = {Proceedings of the 48th Annual Meeting of the Association for Computational Linguistics},
      year = {2010},
}

@article{conversational-motive,
  author  = {Elizabeth E. Grabam and Carole A. Barbato and
Elizabeth M. Perse
},
  title   = {The Interpersonal Communication Motives Model},
  journal = {Communication Quarterly},
  year    = {1993},
  volume  = {41},
  issue   = {2},
}

@book{canonical,
  author  = {Diana Boxer},
  title   = {Applying Sociolinguistics: Domains and Face-to-face Interaction},
  year    = {2002},
  publisher = {John Benjamins Publishing Company},
}

@article{FSC,
  author  = {Claudia M. Bubel},
  title   = {The linguistic construction of character relations in TV drama: Doing friendship in Sex and the City (Dissertation Paper)},
  url = {http://dx.doi.org/10.22028/D291-23475},
  year   = {2006},
}

@article{overhearer,
  author  = {Claudia M. Bubel},
  title   = {Film audiences as overhearers},
  journal = {Journal of Pragmatics},
  year    = {2008},
  volume  = {40},
  issue   = {55-71},
}

@inproceedings{role1,
      title = {Role recognition for meeting participants: an approach based on lexical information and social network analysis},
      author = {Neha P. Garg and Sarah Favre and Hugues Salamin and Dilek Hakkani Tür and Alessandro Vinciarelli},
      booktitle = {Proceedings of the 16th ACM international conference on Multimedia},
      year = {2008},
      doi = "10.1145/1459359.1459462",
}

@inproceedings{role2,
      title = {Seekers, Providers, Welcomers, and Storytellers:
Modeling Social Roles in Online Health Communities},
      author = {Diyi Yang and Robert Kraut and Tenbroeck Smith and Elijah Mayfield and Dan Jurafsky},
      booktitle = {CHI},
      year = {2019},
}

@inproceedings{bopolar-monitor,
      title = {ECOLOGICALLY VALID LONG-TERM MOOD MONITORING OF INDIVIDUALSWITH BIPOLAR DISORDER USING SPEECH},
      author = {Zahi N. Karam and Emily Mower Provost and Satinder Singh and Jennifer Montgomery and Christopher Archer and Gloria Harrington and MelvinG. Mcinnis},
      booktitle = {ICASSP},
      year = {2014},
}

@inproceedings{cog-load,
      title = {Speech-based cognitive load monitoring system},
      author = {ZBo Yin and Fang Chen and Natalie Ruiz and Eliathamby Ambikairajah},
      booktitle = {ICASSP},
      year = {2008},
}

@inproceedings{tension-monitor,
      title = {Mental Tension Detection in the Speech
based on physiological monitoring},
      author = {Michiaki Ariga and Yoshikazu Yano and Shinji Doki and Shigeru Okuma},
      booktitle = {IEEE International Conference on Systems, Man and Cybernetics},
      year = {2007},
}






