@InProceedings{RushCW15,
	author    = {Alexander M. Rush and
	Sumit Chopra and
	Jason Weston},
	title     = {A Neural Attention Model for Abstractive Sentence Summarization},
	booktitle = {Proceedings of the 2015 Conference on Empirical Methods in Natural Language Processing, {EMNLP} 2015},
	year      = {2015},
  pages     = {379--389},
}

@InProceedings{ChopraAR16,
	author    = {Sumit Chopra and
	Michael Auli and
	Alexander M. Rush},
	title     = {Abstractive Sentence Summarization with Attentive Recurrent Neural
	Networks},
	booktitle = {{NAACL} {HLT} 2016, The 2016 Conference of the North American Chapter of the Association for Computational Linguistics: Human Language Technologies},
	year      = {2016},
	pages     = {93--98},
}

@inproceedings{NallapatiAAAI17,
	author    = {Ramesh Nallapati and
	Feifei Zhai and
	Bowen Zhou},
	title     = {SummaRuNNer: {A} Recurrent Neural Network Based Sequence Model for
	Extractive Summarization of Documents},
	booktitle = {Proceedings of the Thirty-First {AAAI} Conference on Artificial Intelligence,
	February 4-9, 2017, San Francisco, California, {USA}},
	pages     = {3075--3081},
	year      = {2017},
}

@inproceedings{FastAbs18,
	author    = {Yen{-}Chun Chen and
	Mohit Bansal},
	title     = {Fast Abstractive Summarization with Reinforce-Selected Sentence Rewriting},
	booktitle = {Proceedings of the 56th Annual Meeting of the Association for Computational
	Linguistics, {ACL} 2018, Melbourne, Australia, July 15-20, 2018, Volume
	1: Long Papers},
	pages     = {675--686},
	year      = {2018},
}

@inproceedings{LiuLZ18,
	author    = {Yizhu Liu and
	Zhiyi Luo and
	Kenny Q. Zhu},
	title     = {Controlling Length in Abstractive Summarization Using a Convolutional
	Neural Network},
	booktitle = {Proceedings of the 2018 Conference on Empirical Methods in Natural
	Language Processing},
	year      = {2018},
	  pages     = {4110--4119},
}


@inproceedings{BART19,
	author    = {Mike Lewis and
	Yinhan Liu and
	Naman Goyal and
	Marjan Ghazvininejad and
	Abdelrahman Mohamed and
	Omer Levy and
	Veselin Stoyanov and
	Luke Zettlemoyer},
	title     = {{BART:} Denoising Sequence-to-Sequence Pre-training for Natural Language
	Generation, Translation, and Comprehension},
	booktitle = {Proceedings of the 58th Annual Meeting of the Association for Computational
	Linguistics, {ACL} 2020},
	pages     = {7871--7880},
	year      = {2020},
}

@inproceedings{PEGASUS20,
	author    = {Jingqing Zhang and
	Yao Zhao and
	Mohammad Saleh and
	Peter J. Liu},
	title  = {{PEGASUS:} Pre-training with Extracted Gap-sentences for Abstractive
	Summarization},
	booktitle = {Proceedings of the 37th International Conference on Machine Learning,
	{ICML} 2020, Virtual Event},
	series    = {Proceedings of Machine Learning Research},
	volume    = {119},
	pages     = {11328--11339},
	year      = {2020},
}


@inproceedings{liu2021keyword,
	title={Keyword-aware Abstractive Summarization by Extracting Set-level Intermediate Summaries},
	author={Liu, Yizhu and Jia, Qi and Zhu, Kenny Q.},
	booktitle={Proceedings of the Web Conference 2021},
	pages={3042--3054},
	year={2021}
}

@article{redrep2021, 
	title={Reducing repetition in convolutional abstractive summarization}, 
	journal={Natural Language Engineering}, 
	publisher={Cambridge University Press}, 
	author={Liu, Yizhu and Chen, Xinyue and Luo, Xusheng and Zhu, Kenny Q.}, 
	year={2021}, 
	pages={1â€“29}
}

@inproceedings{bleu2002,
	title={Bleu: a method for automatic evaluation of machine translation},
	author={Papineni, Kishore and Roukos, Salim and Ward, Todd and Zhu, Wei-Jing},
	booktitle={Proceedings of the 40th annual meeting of the Association for Computational Linguistics},
	pages={311--318},
	year={2002}
}

@inproceedings{meteor2005,
	title={METEOR: An automatic metric for MT evaluation with improved correlation with human judgments},
	author={Banerjee, Satanjeev and Lavie, Alon},
	booktitle={Proceedings of the acl workshop on intrinsic and extrinsic evaluation measures for machine translation and/or summarization},
	pages={65--72},
	year={2005}
}

@article{rouge,
	author = {Lin, Chin-Yew},
	title = {ROUGE: a Package for Automatic Evaluation of Summaries},
	journal={Text Summarization Branches Out},
	year = {2004},
	pages={74--81},
}

@InProceedings{rouge2006,
	title={ROUGE 2.0: Updated and Improved Measures for Evaluation of Summarization Tasks},
	author={Ganesan, Kavita},
	journal={Computational Linguistics},
	volume={1},
	number={1},
	year={2006}
}

@inproceedings{rouge15,
  author    = {Jun{-}Ping Ng and
Viktoria Abrecht},
title     = {Better Summarization Evaluation with Word Embeddings for {ROUGE}},
booktitle = {Proceedings of the 2015 Conference on Empirical Methods in Natural
Language Processing, {EMNLP} 2015, Lisbon, Portugal, September 17-21,
2015},
pages     = {1925--1930},
year      = {2015},
}

@inproceedings{bertscore,
author    = {Tianyi Zhang and
Varsha Kishore and
Felix Wu and
Kilian Q. Weinberger and
Yoav Artzi},
title     = {BERTScore: Evaluating Text Generation with {BERT}},
booktitle = {8th International Conference on Learning Representations, {ICLR} 2020,
Addis Ababa, Ethiopia, April 26-30, 2020},
year      = {2020},
}

@inproceedings{moverscore,
author    = {Wei Zhao and
Maxime Peyrard and
Fei Liu and
Yang Gao and
Christian M. Meyer and
Steffen Eger},
title     = {MoverScore: Text Generation Evaluating with Contextualized Embeddings
and Earth Mover Distance},
booktitle = {Proceedings of the 2019 Conference on Empirical Methods in Natural
Language Processing and the 9th International Joint Conference on
Natural Language Processing, {EMNLP-IJCNLP} 2019, Hong Kong, China,
November 3-7, 2019},
pages     = {563--578},
year      = {2019},
}

@inproceedings{kusner2015word,
	title={From word embeddings to document distances},
	author={Kusner, Matt and Sun, Yu and Kolkin, Nicholas and Weinberger, Kilian},
	booktitle={International conference on machine learning},
	pages={957--966},
	year={2015},
}

@article{shao2017efficient,
	title={Efficient and effective single-document summarizations and a word-embedding measurement of quality},
	author={Shao, Liqun and Zhang, Hao and Jia, Ming and Wang, Jie},
	journal={arXiv preprint arXiv:1710.00284},
	year={2017}
}

@inproceedings{gao-etal-2020-supert,
  author    = {Yang Gao and
Wei Zhao and
Steffen Eger},
title     = {{SUPERT:} Towards New Frontiers in Unsupervised Evaluation Metrics
for Multi-Document Summarization},
booktitle = {Proceedings of the 58th Annual Meeting of the Association for Computational
Linguistics, {ACL} 2020, Online, July 5-10, 2020},
pages     = {1347--1354},
year      = {2020},
}

@inproceedings{chen2021training,
	title={A Training-free and Reference-free Summarization Evaluation Metric via Centrality-weighted Relevance and Self-referenced Redundancy},
	author={Chen, Wang and Li, Piji and King, Irwin},
	booktitle={Proceedings of the 59th Annual Meeting of the Association for Computational Linguistics and the 11th International Joint Conference on Natural Language Processing (Volume 1: Long Papers)},
	pages={404--414},
	year={2021}
}

@inproceedings{sun2019feasibility,
	title={The feasibility of embedding based automatic evaluation for single document summarization},
	author={Sun, Simeng and Nenkova, Ani},
	booktitle={Proceedings of the 2019 Conference on Empirical Methods in Natural Language Processing and the 9th International Joint Conference on Natural Language Processing (EMNLP-IJCNLP)},
	pages={1216--1221},
	year={2019}
}

@inproceedings{chen2018semantic,
  author    = {Ping Chen and
Fei Wu and
Tong Wang and
Wei Ding},
title     = {A Semantic QA-Based Approach for Text Summarization Evaluation},
booktitle = {Proceedings of the Thirty-Second {AAAI} Conference on Artificial Intelligence,
(AAAI-18), the 30th innovative Applications of Artificial Intelligence
(IAAI-18), and the 8th {AAAI} Symposium on Educational Advances in
Artificial Intelligence (EAAI-18), New Orleans, Louisiana, USA, February
2-7, 2018},
pages     = {4800--4807},
year      = {2018},
}

@inproceedings{scialom2019answers,
	title={Answers Unite! Unsupervised Metrics for Reinforced Summarization Models},
	author={Scialom, Thomas and Lamprier, Sylvain and Piwowarski, Benjamin and Staiano, Jacopo},
	booktitle={Proceedings of the 2019 Conference on Empirical Methods in Natural Language Processing and the 9th International Joint Conference on Natural Language Processing (EMNLP-IJCNLP)},
	pages={3246--3256},
	year={2019}
}

@inproceedings{durmus2020feqa,
	title={FEQA: A Question Answering Evaluation Framework for Faithfulness Assessment in Abstractive Summarization},
	author={Durmus, Esin and He, He and Diab, Mona},
	booktitle={Proceedings of the 58th Annual Meeting of the Association for Computational Linguistics},
	pages={5055--5070},
	year={2020}
}

@inproceedings{blanc,
	title={Fill in the BLANC: Human-free quality estimation of document summaries},
	author={Vasilyev, Oleg and Dharnidharka, Vedant and Bohannon, John},
	booktitle={Proceedings of the First Workshop on Evaluation and Comparison of NLP Systems},
	pages={11--20},
	year={2020}
}

@InProceedings{shannon22,
	author    = {Nicholas Egan and
	Oleg V. Vasilyev and
	John Bohannon},
	title     = {Play the Shannon Game With Language Models: {A} Human-Free Approach
	to Summary Evaluation},
	booktitle   = {The Thirty-Six {AAAI} Conference on Artificial Intelligence, {AAAI}
	2022},
	year      = {2022},
}

@article{pearson,
	title={Pearson Correlation Coefficient},
	author={Benesty, Jacob and Chen, Jingdong and Huang, Yiteng and Cohen, Israel},
	journal={Noise Reduction in Speech Processing},
	pages={1--4},
	year={2009},
	publisher={Springer}
}

@article{spearman,
	title={Spearman correlation coefficients, differences between},
	author={Myers, Leann and Sirois, Maria J},
	journal={Encyclopedia of statistical sciences},
	volume={12},
	year={2004},
}

@article{kendall,
	title={The Kendall rank correlation coefficient},
	author={Abdi, Herv{\'e}},
	journal={Encyclopedia of Measurement and Statistics. Sage, Thousand Oaks, CA},
	pages={508--510},
	year={2007},
}

@article{summeval,
	title={Summeval: Re-evaluating summarization evaluation},
	author={Fabbri, Alexander R and Kry{\'s}ci{\'n}ski, Wojciech and McCann, Bryan and Xiong, Caiming and Socher, Richard and Radev, Dragomir},
	journal={Transactions of the Association for Computational Linguistics},
	volume={9},
	pages={391--409},
	year={2021},
}

@article{GPT2,
	title={Language models are unsupervised multitask learners},
	author={Radford, Alec and Wu, Jeffrey and Child, Rewon and Luan, David and Amodei, Dario and Sutskever, Ilya and others},
	journal={OpenAI blog},
	volume={1},
	number={8},
	pages={9},
	year={2019}
}

@inproceedings{pyramid,
	author    = {Ani Nenkova and
	Rebecca J. Passonneau},
	title     = {Evaluating Content Selection in Summarization: The Pyramid Method},
	booktitle = {Human Language Technology Conference of the North American Chapter
	of the Association for Computational Linguistics, {HLT-NAACL} 2004,
	Boston, Massachusetts, USA, May 2-7, 2004},
	pages     = {145--152},
	year      = {2004},
}

@inproceedings{LiuJZ22,
  author    = {Yizhu Liu and Qi Jia and Kenny Q. Zhu},
  title     = {Length Control in Abstractive Summarization by Pretraining Information Selection},
  booktitle = {Proceedings of 60th Annual Meeting of the Association for Computational Linguistics (ACL)},
  year      = {2022}
}

