@article{10.1109/ASAP.2005.17,author = {M. Flynn},title = {Area &#45; Time &#45; Power and Design effort: the basic tradeoffs in Application Specific Systems},journal ={2012 IEEE 23rd International Conference on Application-Specific Systems, Architectures and Processors},volume = {0},issn = {1063-6862},year = {2005},pages = {3},doi = {http://doi.ieeecomputersociety.org/10.1109/ASAP.2005.17},publisher = {IEEE Computer Society},address = {Los Alamitos, CA, USA},}