@inproceedings{du2017learning,
  title={Learning to Ask: Neural Question Generation for Reading Comprehension},
  author={Du, Xinya and Shao, Junru and Cardie, Claire},
  booktitle={ACL},
  volume={1},
  pages={1342--1352},
  year={2017}
}

@inproceedings{zhou2017neural,
  title={Neural question generation from text: A preliminary study},
  author={Zhou, Qingyu and Yang, Nan and Wei, Furu and Tan, Chuanqi and Bao, Hangbo and Zhou, Ming},
  booktitle={NAACL},
  pages={662--671},
  year={2017},
  organization={Springer}
}

@article{SubramanianWYT17,
  author    = {Sandeep Subramanian and
               Tong Wang and
               Xingdi Yuan and
               Adam Trischler},
  title     = {Neural Models for Key Phrase Detection and Question Generation},
  journal   = {CoRR},
  volume    = {abs/1706.04560},
  year      = {2017}
}

@inproceedings{Yao2018vae,
  author    = {Kaichun Yao and
               Libo Zhang and
               Tiejian Luo and
               Lili Tao and
               Yanjun Wu},
  title     = {Teaching Machines to Ask Questions},
  booktitle = {IJCAI},
  pages     = {4546--4552},
  year      = {2018},
}

@inproceedings{sun2018answer,
  title={Answer-focused and Position-aware Neural Question Generation},
  author={Sun, Xingwu and Liu, Jing and Lyu, Yajuan and He, Wei and Ma, Yanjun and Wang, Shi},
  booktitle={EMNLP},
  pages={3930--3939},
  year={2018}
}

@inproceedings{HarrisonW18,
  author    = {Vrindavan Harrison and
               Marilyn A. Walker},
  title     = {Neural Generation of Diverse Questions using Answer Focus, Contextual
               and Linguistic Features},
  booktitle = {INGL},
  pages     = {296--306},
  year      = {2018}
}

@inproceedings{SerbanGGACCB16,
  author    = {Iulian Vlad Serban and
               Alberto Garc{\'{\i}}a{-}Dur{\'{a}}n and
               {\c{C}}aglar G{\"{u}}l{\c{c}}ehre and
               Sungjin Ahn and
               Sarath Chandar and
               Aaron C. Courville and
               Yoshua Bengio},
  title     = {Generating Factoid Questions With Recurrent Neural Networks: The 30M
               Factoid Question-Answer Corpus},
  booktitle = {ACL},
  year      = {2016}
}

@inproceedings{HeilmanS10,
  author    = {Michael Heilman and
               Noah A. Smith},
  title     = {Good Question! Statistical Ranking for Question Generation},
  booktitle = {Human Language Technologies: Conference of the North American Chapter
               of the Association of Computational Linguistics, Proceedings, June
               2-4, 2010, Los Angeles, California, {USA}},
  pages     = {609--617},
  year      = {2010}
}

@inproceedings{LabutovBV15,
  author    = {Igor Labutov and
               Sumit Basu and
               Lucy Vanderwende},
  title     = {Deep Questions without Deep Understanding},
  booktitle = {ACL},
  pages     = {889--898},
  year      = {2015}
}

@inproceedings{MostowC09,
  author    = {Jack Mostow and
               Wei Chen},
  title     = {Generating Instruction Automatically for the Reading Strategy of Self-Questioning},
  booktitle = {AIED},
  pages     = {465--472},
  year      = {2009}
}


@inproceedings{ptrnet,
  author    = {Oriol Vinyals and
               Meire Fortunato and
               Navdeep Jaitly},
  title     = {Pointer Networks},
  booktitle = {NIPS},
  pages     = {2692--2700},
  year      = {2015}
}

@article{chali2015towards,
  title={Towards topic-to-question generation},
  author={Chali, Yllias and Hasan, Sadid A},
  journal={Computational Linguistics},
  volume={41},
  number={1},
  pages={1--20},
  year={2015},
  publisher={MIT Press}
}

@inproceedings{tai2015improved,
  title={Improved Semantic Representations From Tree-Structured Long Short-Term Memory Networks},
  author={Tai, Kai Sheng and Socher, Richard and Manning, Christopher D},
  booktitle={Proceedings of the 53rd Annual Meeting of the Association for Computational Linguistics and the 7th International Joint Conference on Natural Language Processing (Volume 1: Long Papers)},
  volume={1},
  pages={1556--1566},
  year={2015}
}

@inproceedings{eriguchi2016tree,
  title={Tree-to-Sequence Attentional Neural Machine Translation},
  author={Eriguchi, Akiko and Hashimoto, Kazuma and Tsuruoka, Yoshimasa},
  booktitle={Proceedings of the 54th Annual Meeting of the Association for Computational Linguistics (Volume 1: Long Papers)},
  volume={1},
  pages={823--833},
  year={2016}
}

@inproceedings{liang2018automatic,
  title={Automatic generation of text descriptive comments for code blocks},
  author={Liang, Yuding and Zhu, Kenny Qili},
  booktitle={Thirty-Second AAAI Conference on Artificial Intelligence},
  year={2018}
}

@article{cho2014properties,
  title={On the properties of neural machine translation: Encoder-decoder approaches},
  author={Cho, Kyunghyun and Van Merri{\"e}nboer, Bart and Bahdanau, Dzmitry and Bengio, Yoshua},
  journal={arXiv preprint arXiv:1409.1259},
  year={2014}
}

@article{bowman2016fast,
  title={A fast unified model for parsing and sentence understanding},
  author={Bowman, Samuel R and Gauthier, Jon and Rastogi, Abhinav and Gupta, Raghav and Manning, Christopher D and Potts, Christopher},
  journal={arXiv preprint arXiv:1603.06021},
  year={2016}
}

@article{bahdanau2014neural,
  title={Neural machine translation by jointly learning to align and translate},
  author={Bahdanau, Dzmitry and Cho, Kyunghyun and Bengio, Yoshua},
  journal={arXiv preprint arXiv:1409.0473},
  year={2014}
}

@inproceedings{gu2016incorporating,
  title={Incorporating Copying Mechanism in Sequence-to-Sequence Learning},
  author={Gu, Jiatao and Lu, Zhengdong and Li, Hang and Li, Victor OK},
  booktitle={Proceedings of the 54th Annual Meeting of the Association for Computational Linguistics (Volume 1: Long Papers)},
  volume={1},
  pages={1631--1640},
  year={2016}
}

@inproceedings{gulcehre2016pointing,
  title={Pointing the Unknown Words},
  author={Gulcehre, Caglar and Ahn, Sungjin and Nallapati, Ramesh and Zhou, Bowen and Bengio, Yoshua},
  booktitle={Proceedings of the 54th Annual Meeting of the Association for Computational Linguistics (Volume 1: Long Papers)},
  volume={1},
  pages={140--149},
  year={2016}
}

@inproceedings{rajpurkar2016squad,
  title={SQuAD: 100,000+ Questions for Machine Comprehension of Text},
  author={Rajpurkar, Pranav and Zhang, Jian and Lopyrev, Konstantin and Liang, Percy},
  booktitle={Proceedings of the 2016 Conference on Empirical Methods in Natural Language Processing},
  pages={2383--2392},
  year={2016}
}

@inproceedings{zhao2018paragraph,
  title={Paragraph-level Neural Question Generation with Maxout Pointer and Gated Self-attention Networks},
  author={Zhao, Yao and Ni, Xiaochuan and Ding, Yuanyuan and Ke, Qifa},
  booktitle={Proceedings of the 2018 Conference on Empirical Methods in Natural Language Processing},
  pages={3901--3910},
  year={2018}
}

@inproceedings{papineni2002bleu,
  title={BLEU: a method for automatic evaluation of machine translation},
  author={Papineni, Kishore and Roukos, Salim and Ward, Todd and Zhu, Wei-Jing},
  booktitle={Proceedings of the 40th annual meeting on association for computational linguistics},
  pages={311--318},
  year={2002},
  organization={Association for Computational Linguistics}
}

@inproceedings{denkowski2014meteor,
  title={Meteor universal: Language specific translation evaluation for any target language},
  author={Denkowski, Michael and Lavie, Alon},
  booktitle={Proceedings of the ninth workshop on statistical machine translation},
  pages={376--380},
  year={2014}
}

@article{lin2004rouge,
  title={Rouge: A package for automatic evaluation of summaries},
  author={Lin, Chin-Yew},
  journal={Text Summarization Branches Out},
  year={2004}
}

@inproceedings{pennington2014glove,
  title={Glove: Global vectors for word representation},
  author={Pennington, Jeffrey and Socher, Richard and Manning, Christopher},
  booktitle={Proceedings of the 2014 conference on empirical methods in natural language processing (EMNLP)},
  pages={1532--1543},
  year={2014}
}
