@inproceedings{GehrmannDR18,
  author    = {Sebastian Gehrmann and
               Yuntian Deng and
               Alexander M. Rush},
  title     = {Bottom-Up Abstractive Summarization},
  booktitle = {Proceedings of the 2018 Conference on Empirical Methods in Natural
               Language Processing},
  year      = {2018},
}

@inproceedings{elikyilmazBHC18,
  author    = {Asli {\c{C}}elikyilmaz and
               Antoine Bosselut and
               Xiaodong He and
               Yejin Choi},
  title     = {Deep Communicating Agents for Abstractive Summarization},
  booktitle = {Proceedings of the 2018 Conference of the North American Chapter of
               the Association for Computational Linguistics: Human Language Technologies,
               {NAACL-HLT} 2018},
  year      = {2018},
}

@inproceedings{TanWX17,
  author    = {Jiwei Tan and
               Xiaojun Wan and
               Jianguo Xiao},
  title     = {Abstractive Document Summarization with a Graph-Based Attentional
               Neural Model},
  booktitle = {Proceedings of the 55th Annual Meeting of the Association for Computational
               Linguistics, {ACL} 2017},
  year      = {2017},
}

@inproceedings{ChenZLWJ16,
  author    = {Qian Chen and
               Xiao{-}Dan Zhu and
               Zhen{-}Hua Ling and
               Si Wei and
               Hui Jiang},
  title     = {Distraction-Based Neural Networks for Modeling Document},
  booktitle = {Proceedings of the Twenty-Fifth International Joint Conference on
               Artificial Intelligence, {IJCAI} 2016},
  year      = {2016},
}

@inproceedings{JiangB18,
  author    = {Yichen Jiang and
                 Mohit Bansal},
  title     = {Closed-Book Training to Improve Summarization Encoder Memory},
  booktitle = {Proceedings of the 2018 Conference on Empirical Methods in Natural
              Language Processing},
  year      = {2018},
}

@inproceedings{LinSMS18,
  author    = {Junyang Lin and
               Xu Sun and
               Shuming Ma and
               Qi Su},
  title     = {Global Encoding for Abstractive Summarization},
  booktitle = {Proceedings of the 56th Annual Meeting of the Association for Computational
              Linguistics, {ACL} 2018},
  year      = {2018},
}

@inproceedings{SuzukiN17,
  author    = {Jun Suzuki and
             Masaaki Nagata},
  title     = {Cutting-off Redundant Repeating Generations for Neural Abstractive
            Summarization},
  booktitle = {Proceedings of the 15th Conference of the European Chapter of the
             Association for Computational Linguistics, {EACL} 2017},
  year      = {2017},
}

@inproceedings{OwczarzakCDN12,
  author = {Karolina Owczarzak and
            John M. Conroy and
            Hoa Trang Dang and
            Ani Nenkova},
  title = {An Assessment of the Accuracy of Automatic Evaluation in Summarization},
  booktitle = {Proceedings of Workshop on Evaluation Metrics and System Comparison for Automatic Summarization@NACCL-HLT 2012},
  year = {2012},
}

@inproceedings{ZhouYWZ17,
  author = {Qingyu Zhou and Nan Yang and Furu Wei and Ming Zhou},
  title = {Selective Encoding for Abstractive Sentence Summarization},
  booktitle = {Proceedings of the 55th Annual Meeting of the Association for Computational Linguistics, {ACL} 2017},
  year      = {2017},
}

@inproceedings{LiuLZ18,
  author    = {Yizhu Liu and
               Zhiyi Luo and
               Kenny Q. Zhu},
  title     = {Controlling Length in Abstractive Summarization Using a Convolutional
               Neural Network},
  booktitle = {Proceedings of the 2018 Conference on Empirical Methods in Natural
               Language Processing},
  year      = {2018},
}

@inproceedings{loukina2014automatic,
  title={Automatic evaluation of spoken summaries: the case of language assessment},
  author={Loukina, Anastassia and Zechner, Klaus and Chen, Lei},
  booktitle={Proceedings of the ninth workshop on innovative use of NLP for building educational applications},
  year={2014}
}

@article{albert2017exploring,
  title={Exploring Teacher Forcing Techniques for Sequence-to-Sequence Abstractive Headline Summarization},
  author={Albert, Corbin},
  year={2017},
  publisher={University of Nottingham}
}

@article{Yao,
  author = {Yao, Jin-Ge and Wan, Xiaojun and Xiao, Jianguo},
  title = {Recent Advances in Document Summarization},
  journal = {Knowl. Inf. Syst.},
  year = {2017}
}

@article{bai2018empirical,
  title={An Empirical Evaluation of Generic Convolutional and Recurrent Networks for Sequence Modeling},
  author={Bai, Shaojie and Kolter, J Zico and Koltun, Vladlen},
  journal={arXiv preprint arXiv:1803.01271},
  year={2018}
  }

@article{YaoWX17,
  author    = {Jin{-}ge Yao and
               Xiaojun Wan and
               Jianguo Xiao},
  title     = {Recent advances in document summarization},
  journal   = {Knowl. Inf. Syst.},
  year      = {2017},
}

@InProceedings{gehring2017convs2s,
  author    = {Jonas Gehring and
               Michael Auli and
               David Grangier and
               Denis Yarats and
               Yann N. Dauphin},
  title     = {Convolutional Sequence to Sequence Learning},
  booktitle = {Proceedings of the 34th International Conference on Machine Learning,
               {ICML} 2017},
  year      = {2017}
}

@InProceedings{FanGA18,
  author    = {Angela Fan and
               David Grangier and
               Michael Auli},
  title     = {Controllable Abstractive Summarization},
  booktitle = {Proceedings of the 2nd Workshop on Neural Machine Translation and
               Generation, NMT@ACL 2018},
  year      = {2018},
}

@InProceedings{KikuchiNSTO16,
  author    = {Yuta Kikuchi and
               Graham Neubig and
               Ryohei Sasano and
               Hiroya Takamura and
               Manabu Okumura},
  title     = {Controlling Output Length in Neural Encoder-Decoders},
  booktitle = {Proceedings of the 2016 Conference on Empirical Methods in Natural
               Language Processing, {EMNLP} 2016},
  year      = {2016}
}

@inproceedings{PaulusXS17,
  author    = {Romain Paulus and
               Caiming Xiong and
               Richard Socher},
  title     = {A Deep Reinforced Model for Abstractive Summarization},
  booktitle = {6th International Conference on Learning Representations, {ICLR} 2018,
               Vancouver, BC, Canada, April 30 - May 3, 2018, Conference Track Proceedings},
  year      = {2018},
}

@InProceedings{SeeLM17,
  author    = {Abigail See and
               Peter J. Liu and
               Christopher D. Manning},
  title     = {Get To The Point: Summarization with Pointer-Generator Networks},
  booktitle = {Proceedings of the 55th Annual Meeting of the Association for Computational
               Linguistics, {ACL} 2017},
  year      = {2017},
}
@InProceedings{NallapatiZSGX16,
  author    = {Ramesh Nallapati and
               Bowen Zhou and
               C{\'{\i}}cero Nogueira dos Santos and
               {\c{C}}aglar G{\"{u}}l{\c{c}}ehre and
               Bing Xiang},
  title     = {Abstractive Text Summarization using Sequence-to-sequence RNNs and
               Beyond},
  booktitle = {Proceedings of the 20th {SIGNLL} Conference on Computational Natural
               Language Learning, CoNLL 2016},
  year      = {2016}
}
@InProceedings{RushCW15,
  author    = {Alexander M. Rush and
               Sumit Chopra and
               Jason Weston},
  title     = {A Neural Attention Model for Abstractive Sentence Summarization},
  booktitle = {Proceedings of the 2015 Conference on Empirical Methods in Natural
               Language Processing, {EMNLP} 2015},
  year      = {2015}
}

@InProceedings{ChopraAR16,
  author    = {Sumit Chopra and
               Michael Auli and
               Alexander M. Rush},
  title     = {Abstractive Sentence Summarization with Attentive Recurrent Neural
               Networks},
  booktitle = {{NAACL} {HLT} 2016, The 2016 Conference of the North American Chapter
               of the Association for Computational Linguistics: Human Language Technologies},
  year      = {2016}
}

@InProceedings{HermannKGEKSB15,
  author    = {Karl Moritz Hermann and
               Tom{\'{a}}s Kocisk{\'{y}} and
               Edward Grefenstette and
               Lasse Espeholt and
               Will Kay and
               Mustafa Suleyman and
               Phil Blunsom},
  title     = {Teaching Machines to Read and Comprehend},
  booktitle = {Advances in Neural Information Processing Systems 28: Annual Conference
               on Neural Information Processing Systems 2015},
  year      = {2015}
}

@article{BahdanauCB14,
  author    = {Dzmitry Bahdanau and
               Kyunghyun Cho and
               Yoshua Bengio},
  title     = {Neural Machine Translation by Jointly Learning to Align and Translate},
  journal   = {CoRR},
  year      = {2014}
}

@InProceedings{SutskeverVL14,
  author    = {Ilya Sutskever and
               Oriol Vinyals and
               Quoc V. Le},
  title     = {Sequence to Sequence Learning with Neural Networks},
  booktitle = {Advances in Neural Information Processing Systems 27: Annual Conference
               on Neural Information Processing Systems 2014},
  year      = {2014}
}
@InProceedings{SutskeverMDH13,
  author    = {Ilya Sutskever and
               James Martens and
               George E. Dahl and
               Geoffrey E. Hinton},
  title     = {On the importance of initialization and momentum in deep learning},
  booktitle = {Proceedings of the 30th International Conference on Machine Learning,
               {ICML} 2013},
  year      = {2013}
}

@InProceedings{PascanuMB13,
  author    = {Razvan Pascanu and
               Tomas Mikolov and
               Yoshua Bengio},
  title     = {On the difficulty of training recurrent neural networks},
  booktitle = {Proceedings of the 30th International Conference on Machine Learning,
               {ICML} 2013},
  year      = {2013}
}

@InProceedings{HeZRS16,
  author    = {Kaiming He and
               Xiangyu Zhang and
               Shaoqing Ren and
               Jian Sun},
  title     = {Deep Residual Learning for Image Recognition},
  booktitle = {2016 {IEEE} Conference on Computer Vision and Pattern Recognition,
               {CVPR} 2016},
  year      = {2016}
}

@article{rouge-a-package-for-automatic-evaluation-of-summaries,
   author = {Lin, Chin-Yew},
   title = {ROUGE: a Package for Automatic Evaluation of Summaries},
   journal={Text Summarization Branches Out},
   year = {2004},
}

@book{Aho:72,
    author  = {Alfred V. Aho and Jeffrey D. Ullman},
    title   = {The Theory of Parsing, Translation and Compiling},
    year    = "1972",
    publisher = {Prentice-Hall},
}

@InProceedings{CunBDHHHJ89,
  author    = {Yann LeCun and
               Bernhard E. Boser and
               John S. Denker and
               Donnie Henderson and
               Richard E. Howard and
               Wayne E. Hubbard and
               Lawrence D. Jackel},
  title     = {Handwritten Digit Recognition with a Back-Propagation Network},
  booktitle = {Advances in Neural Information Processing Systems 2, {[NIPS} Conference]},
  year      = {1989}
}

@InProceedings{DauphinFAG17,
  author    = {Yann N. Dauphin and
               Angela Fan and
               Michael Auli and
               David Grangier},
  title     = {Language Modeling with Gated Convolutional Networks},
  booktitle = {Proceedings of the 34th International Conference on Machine Learning,
               {ICML} 2017},
  year      = {2017}
}

@book{APA:83,
    author  = {{American Psychological Association}},
    title   = {Publications Manual},
    year    = "1983",
   publisher = {American Psychological Association},
}

@article{ACM:83,
	year = "1983",
	author = {{Association for Computing Machinery}},
	journal = {Computing Reviews},
}

@article{Chandra:81,
	author = {Ashok K. Chandra and Dexter C. Kozen and Larry J. Stockmeyer},
	year = "1981",
	title = {Alternation},
	journal = {Journal of the Association for Computing Machinery},
}

@book{Gusfield:97,
    author  = {Dan Gusfield},
    title   = {Algorithms on Strings, Trees and Sequences},
    year    = "1997",
    publisher = {Cambridge University Press},
}


@inproceedings{Dorr2003HedgeTA,
  title={Hedge Trimmer: A Parse-And-Trim Approach To Headline Generation},
  author={Bonnie J. Dorr and David M. Zajic and Richard M. Schwartz},
  year={2003}
}

@article{DBLP:journals/corr/NallapatiZZ16,
  author    = {Ramesh Nallapati and
               Feifei Zhai and
               Bowen Zhou},
  title     = {SummaRuNNer: {A} Recurrent Neural Network based Sequence Model for
               Extractive Summarization of Documents},
  journal   = {CoRR},
  year      = {2016},
}

@InProceedings{D18-1205,
  author = 	"Li, Wei
		and Xiao, Xinyan
		and Lyu, Yajuan
		and Wang, Yuanzhuo",
  title = 	"Improving Neural Abstractive Document Summarization with Explicit Information Selection Modeling",
  booktitle = 	"Proceedings of the 2018 Conference on Empirical Methods in Natural Language Processing",
  year = 	"2018",
}

@InProceedings{D18-1441,
  author = 	"Li, Wei
		and Xiao, Xinyan
		and Lyu, Yajuan
		and Wang, Yuanzhuo",
  title = 	"Improving Neural Abstractive Document Summarization with Structural Regularization",
  booktitle = 	"Proceedings of the 2018 Conference on Empirical Methods in Natural Language Processing",
  year = 	"2018",
}


@InProceedings{P18-2027,
  author = 	"Lin, Junyang
		and SUN, Xu
		and Ma, Shuming
		and Su, Qi",
  title = 	"Global Encoding for Abstractive Summarization",
  booktitle = 	"Proceedings of the 56th Annual Meeting of the Association for Computational Linguistics ",
  year = 	"2018",
}

@InProceedings{E17-2047,
  author = 	"Suzuki, Jun
		and Nagata, Masaaki",
  title = 	"Cutting-off Redundant Repeating Generations for Neural Abstractive Summarization",
  booktitle = 	"Proceedings of the 15th Conference of the European Chapter of the Association for Computational Linguistics",
  year = 	"2017",
}

@InProceedings{D18-1440,
  author = 	"Jiang, Yichen
		and Bansal, Mohit",
  title = 	"Closed-Book Training to Improve Summarization Encoder Memory",
  booktitle = 	"Proceedings of the 2018 Conference on Empirical Methods in Natural Language Processing",
  year = 	"2018",
}

@InProceedings{P18-1063,
  author = 	{Yen{-}Chun Chen and
		     Mohit Bansal},
  title = 	"Fast Abstractive Summarization with Reinforce-Selected Sentence Rewriting",
  booktitle = 	"Proceedings of the 56th Annual Meeting of the Association for Computational Linguistics ",
  year = 	"2018",
}

@inproceedings{briscoe1996,
  title={The syntax and semantics of punctuation and its use in interpretation},
  author={Briscoe, Ted},
  booktitle={Proceedings of the Association for Computational Linguistics Workshop on Punctuation},
  year={1996}
}

@inproceedings{Kim19,
  author    = {Seokhwan Kim},
  title     = {Deep Recurrent Neural Networks with Layer-wise Multi-head Attentions
               for Punctuation Restoration},
  booktitle = {{IEEE} International Conference on Acoustics, Speech and Signal Processing,
               {ICASSP} 2019, Brighton, United Kingdom, May 12-17, 2019},
  year      = {2019},
}

@article{LiWE19,
  author    = {Xiang Lisa Li and
               Dingquan Wang and
               Jason Eisner},
  title     = {A Generative Model for Punctuation in Dependency Trees},
  journal   = {{TACL}},
  year      = {2019},
}

@inproceedings{KourisAS19,
  author    = {Panagiotis Kouris and
               Georgios Alexandridis and
               Andreas Stafylopatis},
  title     = {Abstractive Text Summarization Based on Deep Learning and Semantic
               Content Generalization},
  booktitle = {Proceedings of the 57th Conference of the Association for Computational
               Linguistics, {ACL} 2019, Florence, Italy, July 28- August 2, 2019,
               Volume 1: Long Papers},
  pages     = {5082--5092},
  year      = {2019},
}


