@inproceedings{mobisys:EnTracked,
  author    = {Mikkel Baun Kj{\ae}rgaard and
               Jakob Langdal and
               Torben Godsk and
               Thomas Toftkj{\ae}r},
  title     = {EnTracked: energy-efficient robust position tracking for
               mobile devices},
  booktitle = {MobiSys},
  year      = {2009},
  pages     = {221-234}
}

@inproceedings{Ubicomp:Nearme,
  author    = {John Krumm and
               Ken Hinckley},
  title     = {The NearMe Wireless Proximity Server},
  booktitle = {Ubicomp},
  year      = {2004},
  pages     = {283-300}
}

@inproceedings{SenSys:BeepBeep,
  author    = {Chunyi Peng and
               Guobin Shen and
               Zheng Han and
               Yongguang Zhang and
               Yanlin Li and
               Kun Tan},
  title     = {A BeepBeep ranging system on mobile phones},
  booktitle = {SenSys},
  year      = {2007},
  pages     = {397-398}
}

@inproceedings{wang2011automatic,
  title={Automatic inference of movements from contact histories},
  author={Wang, Pengcheng and Gao, Zhaoyu and Xu, Xinhui and Zhou, Yujiao and Zhu, Haojin and Zhu, Kenny Q},
  booktitle={SIGCOMM},
  pages={386--387},
  year={2011}
}

@inproceedings{constandache2010did,
  title={Did you see {Bob}?: human localization using mobile phones},
  author={Constandache, Ionut and Bao, Xuan and Azizyan, Martin and Choudhury, Romit Roy},
  booktitle={MobiCom},
  pages={149--160},
  year={2010}
}

@inproceedings{zhuang2010improving,
  title={Improving energy efficiency of location sensing on smartphones},
  author={Zhuang, Zhenyun and Kim, Kyu-Han and Singh, Jatinder Pal},
  booktitle={MobiSys},
  pages={315--330},
  year={2010}
}

@inproceedings{ravi2007fiatlux,
  title={Fiatlux: Fingerprinting rooms using light intensity},
  author={Ravi, Nishkam and Iftode, Liviu},
  booktitle={International Conference on Pervasive Computing},
  year={2007}
}

@inproceedings{ravi2006indoor,
  title={Indoor localization using camera phones},
  author={Ravi, Nishkam and Shankar, Pravin and Frankel, Andrew and Elgammal, Ahmed and Iftode, Liviu},
  booktitle={WMCSA},
  pages={49--49},
  year={2006}
}

@misc{mobileUltraSound,
title={Proximity pairing of smartphones with ultra-high frequency sound waves},
howpublished="\url{http://circlewithme.tumblr.com/post/25893923940/proximity-pairing-sound-waves}"
  
}


