@misc{googleimagesubject,
title = {Google adds subject sorting to its image search},
howpublished = "\url{http://thenextweb.com/google/2011/05/09/google-adds-subject-sorting-to-its-image-search/}"
}

@inproceedings{jing2012google,
  title={Google image swirl},
  author={Jing, Yushi and Rowley, H and Wang, J and Rosenberg, C and Tsai, D and Covell, M},
  booktitle={WWW},
  year={2012}
}

@inproceedings{tsai2011large,
  title={Large-scale image annotation using visual synset},
  author={Tsai, David and Jing, Yushi and Liu, Yi and Rowley, Henry A and Ioffe, Sergey and Rehg, James M},
  booktitle={ICCV},
  pages={611--618},
  year={2011},
  organization={IEEE}
}

@inproceedings{WangMZL05,
  author    = {Xin-Jing Wang and
               Wei-Ying Ma and
               Lei Zhang and
               Xing Li},
  title     = {Iteratively clustering web images based on link and attribute
               reinforcements},
  booktitle = {MM},
  year      = {2005},
  pages     = {122-131}
}

@inproceedings{DingLL08,
  author    = {Haoyang Ding and
               Jing Liu and
               Hanqing Lu},
  title     = {Hierarchical clustering-based navigation of image search
               results},
  booktitle = {MM},
  year      = {2008},
  pages     = {741-744}
}

@inproceedings{Cai2004a,
  author    = {Deng Cai and
               Xiaofei He and
               Ji-Rong Wen and
               Wei-Ying Ma},
  title     = {Block-level link analysis},
  booktitle = {SIGIR},
  year      = {2004},
  pages     = {440-447}
}

@inproceedings{Cai2004b,
  author    = {Deng Cai and
               Xiaofei He and
               Zhiwei Li and
               Wei-Ying Ma and
               Ji-Rong Wen},
  title     = {Hierarchical clustering of WWW image search results using
               visual, textual and link information},
  booktitle = {MM},
  year      = {2004},
  pages     = {952-959}
}

@inproceedings{Cai2004c,
  author    = {Deng Cai and
               Shipeng Yu and
               Ji-Rong Wen and
               Wei-Ying Ma},
  title     = {Block-based web search},
  booktitle = {SIGIR},
  year      = {2004},
  pages     = {456-463}
}

@CONFERENCE{VIPS,
  author = {Deng Cai and Shipeng Yu and Ji-Rong Wen and Wei-Ying Ma},
  title = {{VIPS}: a Vision-based Page Segmentation Algorithm},
  booktitle = {Microsoft Technical Report (MSR-TR-2003-79)},
  year = {2003}
}

@article{Chang1984,
  author    = {Shi-Kuo Chang and
               Shao-Hung Liu},
  title     = {Picture Indexing and Abstraction Techniques for Pictorial
               Databases},
  journal   = {PAMI},
  volume    = {6},
  number    = {4},
  year      = {1984},
  pages     = {475-484}
}

@inproceedings{Smith1996,
  author    = {John R. Smith and
               Shih-Fu Chang},
  title     = {{VisualSEEk}: A Fully Automated Content-Based Image Query
               System},
  booktitle = {MM},
  year      = {1996},
  pages     = {87-98}
}

@inproceedings{Cai2004,
  author    = {Deng Cai and
               Xiaofei He and
               Wei-Ying Ma and
               Ji-Rong Wen and
               HongJiang Zhang},
  title     = {Organizing WWW images based on the analysis of page layout
               and Web link structure},
  booktitle = {ICME},
  year      = {2004},
  pages     = {113-116}
}

@inproceedings{Feng2004,
  author    = {HuaMin Feng and
               Rui Shi and
               Tat-Seng Chua},
  title     = {A bootstrapping framework for annotating and retrieving
               WWW images},
  booktitle = {MM},
  year      = {2004},
  pages     = {960-967}
}

@inproceedings{Gao2005,
  author    = {Bin Gao and
               Tie-Yan Liu and
               Tao Qin and
               Xin Zheng and
               QianSheng Cheng and
               Wei-Ying Ma},
  title     = {Web image clustering by consistent utilization of visual
               features and surrounding texts},
  booktitle = {MM},
  year      = {2005},
  pages     = {112-121}
}

@inproceedings{Jing2006,
  author    = {Feng Jing and
               Changhu Wang and
               Yuhuan Yao and
               Kefeng Deng and
               Lei Zhang and
               Wei-Ying Ma},
  title     = {{IGroup}: web image search results clustering},
  booktitle = {MM},
  year      = {2006},
  pages     = {377-384}
}

@inproceedings{Alcic2010,
 author = {Alcic, Sadet and Conrad, Stefan},
 title = {Measuring performance of web image context extraction},
 booktitle = {MDMKDD},
 year = {2010},
 pages = {8:1--8:8}
}

@article{Coelho2004,
  author    = {Tatiana A. S. Coelho and
               P{\'a}vel Calado and
               Lamarque Vieira Souza and
               Berthier A. Ribeiro-Neto and
               Richard R. Muntz},
  title     = {Image Retrieval Using Multiple Evidence Ranking},
  journal   = {TKDE},
  volume    = {16},
  number    = {4},
  year      = {2004},
  pages     = {408-417}
}

@inproceedings{Fauzi2009,
  author    = {Fariza Fauzi and
               Jer Lang Hong and
               Mohammed Belkhatir},
  title     = {Webpage segmentation for extracting images and their surrounding
               contextual information},
  booktitle = {MM},
  year      = {2009},
  pages     = {649-652}
}

@article{Datta2008,
  author    = {Ritendra Datta and
               Dhiraj Joshi and
               Jia Li and
               James Ze Wang},
  title     = {Image retrieval: Ideas, influences, and trends of the new
               age},
  journal   = {ACM Comput. Surv.},
  volume    = {40},
  number    = {2},
  year      = {2008}
}

@article{Miller1995,
  author    = {George A. Miller},
  title     = {{WordNet}: A Lexical Database for English},
  journal   = {Commun. ACM},
  volume    = {38},
  number    = {11},
  year      = {1995},
  pages     = {39-41}
}

@inproceedings{ZhongLL11,
  author    = {{Sheng-hua} Zhong and
               Yan Liu and
               Yang Liu},
  title     = {Bilinear deep learning for image classification},
  booktitle = {MM},
  year      = {2011},
  pages     = {343-352}
}

@inproceedings{Fu2011,
  author    = {Zhenyong Fu and
               Horace Ho-Shing Ip and
               Hongtao Lu and
               Zhiwu Lu},
  title     = {Multi-modal constraint propagation for heterogeneous image
               clustering},
  booktitle = {MM},
  year      = {2011},
  pages     = {143-152}
}

@inproceedings{Hearst1996,
  author    = {Marti A. Hearst and
               Jan O. Pedersen},
  title     = {Reexamining the Cluster Hypothesis: Scatter/Gather on Retrieval
               Results},
  booktitle = {SIGIR},
  year      = {1996},
  pages     = {76-84}
}

@TECHREPORT{Leouski1996,
    author = {Anton V. Leouski and W. Bruce Croft},
    title = {An evaluation of techniques for clustering search results},
    institution = {},
    year = {1996}
}
% this is not completed

@inproceedings{Yangqiu2011,
  author    = {Yangqiu Song and
               Haixun Wang and
               Zhongyuan Wang and
               Hongsong Li and
               Weizhu Chen},
  title     = {Short Text Conceptualization Using a Probabilistic Knowledgebase},
  booktitle = {IJCAI},
  year      = {2011},
  pages     = {2330-2336}
}

@inproceedings{Zeng2004,
  author    = {Hua-Jun Zeng and
               Qi-Cai He and
               Zheng Chen and
               Wei-Ying Ma and
               Jinwen Ma},
  title     = {Learning to cluster web search results},
  booktitle = {SIGIR},
  year      = {2004},
  pages     = {210-217}
}

@inproceedings{ReisGSF04,
  author    = {Davi de Castro Reis and
               Paulo Braz Golgher and
               Altigran Soares da Silva and
               Alberto H. F. Laender},
  title     = {Automatic web news extraction using tree edit distance},
  booktitle = {WWW},
  year      = {2004},
  pages     = {502-511}
}

@inproceedings{LiXLMZ05,
  title = {Grouping WWW Image Search Results by Novel Inhomogeneous Clustering Method},
  author = {Zhiwei Li and Gu Xu and Mingjing Li and Wei-Ying Ma and HongJiang Zhang},
  year = {2005},
  pages = {255-261},
  booktitle = {11th International Conference on Multi Media Modeling (MMM 2005), 12-14 January 2005, Melbourne, Australia}
}

@ARTICLE{Frey07ap,
    author = {Brendan J. Frey and Delbert Dueck},
    title = {Clustering by passing messages between data points},
    journal = {Science},
    year = {2007},
    volume = {315},
    pages = {2007}
}

@inproceedings{Li09scene,
  author    = {Li-Jia Li and
               Richard Socher and
               Fei-Fei Li},
  title     = {Towards total scene understanding: Classification, annotation
               and segmentation in an automatic framework},
  booktitle = {CVPR},
  year      = {2009},
  pages     = {2036-2043}
}

@misc{google,
title = {Google Image},
howpublished = "\url{http://images.google.com}"
}

@article{liblinear,
  author    = {Rong-En Fan and
               Kai-Wei Chang and
               Cho-Jui Hsieh and
               Xiang-Rui Wang and
               Chih-Jen Lin},
  title     = {{LIBLINEAR}: A Library for Large Linear Classification},
  journal   = {Journal of Machine Learning Research},
  volume    = {9},
  year      = {2008},
  pages     = {1871-1874}
}

@inproceedings{Song11:Conceptualize,
  author = {Yangqiu Song and Haixun Wang and
                Zhongyuan Wang and Hongsong Li
                and Weizhu Chen},
  booktitle = {IJCAI},
  title = {Short Text Conceptualization using a Probabilistic Knowledgebase},
  year = {2011}
}

@inproceedings{WangWWZ12:tables,
  author    = {Jingjing Wang and
               Haixun Wang and
               Zhongyuan Wang and
               Kenny Qili Zhu},
  title     = {Understanding Tables on the Web},
  booktitle = {ER},
  year      = {2012},
  pages     = {141-155}
}

@inproceedings{WangLWZ12:topic,
  author    = {Yue Wang and
               Hongsong Li and
               Haixun Wang and
               Kenny Qili Zhu},
  title     = {Concept-Based Web Search},
  booktitle = {ER},
  year      = {2012},
  pages     = {449-462}
}

@inproceedings{Lowe99,
  author    = {David G. Lowe},
  title     = {Object Recognition from Local Scale-Invariant Features},
  booktitle = {ICCV},
  year      = {1999},
  pages     = {1150-1157}
}

@inproceedings{FergusFPZ05,
  author    = {Robert Fergus and
               Fei-Fei Li and
               Pietro Perona and
               Andrew Zisserman},
  title     = {Learning Object Categories from Google's Image Search},
  booktitle = {ICCV},
  year      = {2005},
  pages     = {1816-1823}
}

@inproceedings{FanGL07,
  author    = {Jianping Fan and
               Yuli Gao and
               Hangzai Luo},
  title     = {Hierarchical classification for automatic image annotation},
  booktitle = {SIGIR},
  year      = {2007},
  pages     = {111-118}
}

@inproceedings{GaoFLS08,
  author    = {Yuli Gao and
               Jianping Fan and
               Hangzai Luo and
               Shin'ichi Satoh},
  title     = {A Novel Approach for Filtering Junk Images from Google Search
               Results},
  booktitle = {MMM},
  year      = {2008},
  pages     = {1-12}
}

@article{ChenWK05,
  author    = {Yixin Chen and
               James Ze Wang and
               Robert Krovetz},
  title     = {CLUE: cluster-based retrieval of images by unsupervised
               learning},
  journal   = {IP},
  volume    = {14},
  number    = {8},
  year      = {2005},
  pages     = {1187-1201}
}

@article{ZamirE99,
  author    = {Oren Zamir and
               Oren Etzioni},
  title     = {Grouper: A Dynamic Clustering Interface to Web Search Results},
  journal   = {Computer Networks},
  volume    = {31},
  number    = {11-16},
  year      = {1999},
  pages     = {1361-1374}
}

@misc{vivisimo,
title = {Vivisimo clustering engine},
howpublished = "\url{http://vivisimo.com}"
}

@inproceedings{ChenWK03,
  author    = {Yixin Chen and
               James Ze Wang and
               Robert Krovetz},
  title     = {Content-based image retrieval by clustering},
  booktitle = {MIR},
  year      = {2003},
  pages     = {193-200}
}

@inproceedings{ZamirE98,
  author    = {Oren Zamir and
               Oren Etzioni},
  title     = {Web Document Clustering: A Feasibility Demonstration},
  booktitle = {SIGIR},
  year      = {1998},
  pages     = {46-54}
}

@inproceedings{LeukenPOZ09,
  author    = {Reinier H. van Leuken and
               Lluis Garcia Pueyo and
               Ximena Olivares and
               Roelof van Zwol},
  title     = {Visual diversification of image search results},
  booktitle = {WWW},
  year      = {2009},
  pages     = {341-350}
}

@INPROCEEDINGS{Yu03colortexture,
    author = {Hui Yu and Mingjing Li and Hong-Jiang Zhang and Jufu Feng},
    title = {Color Texture Moments for Content-Based Image Retrieval},
    booktitle = {In International Conference on Image Processing},
    year = {2003},
    pages = {24--28}
}

@INPROCEEDINGS{Tsai11,
    author={Tsai, D. and Yushi Jing and Yi Liu and Rowley, H.A. and Ioffe, S. and Rehg, J.M.},
    booktitle={ICCV},
    title={Large-scale image annotation using visual synset},
    year={2011},
    pages={611-618}
}

@inproceedings{Cai13,
  author    = {Zhiyuan Cai and Kaiqi Zhao and Kenny Q. Zhu and Haixun Wang},
  title     = {Wikification via Link Co-occurrence},
  booktitle = {CIKM},
  year      = {2013}
}

@inproceedings{Meij12,
 author = {Meij, Edgar and Weerkamp, Wouter and de Rijke, Maarten},
 title = {Adding semantics to microblog posts},
 booktitle = {WSDM},
 year = {2012},
 pages = {563--572}
}

@inproceedings{Krizhevsky12,
 author = {Krizhevsky, A. and Sutskever, I. and Hinton, G. E.},
 title = {ImageNet Classification with Deep Convolutional Neural Networks},
 booktitle = {NIPS},
 year = {2012}
}

@article{Blei2003,
 author = {Blei, David M. and Ng, Andrew Y. and Jordan, Michael I.},
 title = {Latent dirichlet allocation},
 journal = {J. Mach. Learn. Res.},
 volume = {3},
 month = {3},
 year = {2003},
 pages = {993--1022}
}

@inproceedings{Taneva11,
 author = {Taneva, Bilyana and Kacimi, Mouna and Weikum, Gerhard},
 title = {Finding Images of Difficult Entities in the Long Tail},
 booktitle = {CIKM},
 series = {CIKM '11},
 year = {2011},
 pages = {189--194}
}

@inproceedings{Taneva10,
    author = {Taneva, Bilyana and Kacimi, Mouna and Weikum, Gerhard},
    booktitle = {WSDM},
    pages = {431--440},
    title = {Gathering and ranking photos of named entities with high precision, high recall, and diversity},
    year = {2010}
}

@inproceedings{Zhiyuan2013,
 author = {Cai, Zhiyuan and Zhao, Kaiqi and Zhu, Kenny Q. and Wang, Haixun},
 title = {Wikification via Link Co-occurrence},
 booktitle = {CIKM},
 series = {CIKM '13},
 year = {2013},
 pages = {1087--1096}
}

@inproceedings{SuchanekKW07,
  author    = {Fabian M. Suchanek and
               Gjergji Kasneci and
               Gerhard Weikum},
  title     = {{YAGO}: a core of semantic knowledge},
  booktitle = {WWW},
  year      = {2007},
  pages     = {697-706}
}
