%
% tutorial: http://www.iam.ubc.ca/~newbury/tex/bibtex.html
%

% LONG VERSION
@Comment

@string{vldb = "Proc. of Very Large Database (VLDB)"}
@Comment
@string{icde = "Int. Conf. Data Engineering (ICDE)"}
@Comment
@string{kdd = "Int'l Conf. on Knowledge Discovery and Data Mining (SIGKDD)"}
@Comment
@string{sigmod = "Int'l Conf. Management of Data (SIGMOD)"}
@Comment
@string{icdm = "Int'l Conf. Data Mining (ICDM)"}
@Comment
@string{edbt = "Int'l Conf. on Extending Database Technology (EDBT)"}
@Comment
@string{icml = "Int'l Conf. on Machine Learning (ICML)"}
@Comment
@string{pods = "ACM Symposium on Principles of Database Systems (PODS)"}
@Comment
@string{icdt = "International Conference on Database Theory (ICDT)"}
@Comment
@string{focs = "IEEE Symposium on Foundations of Computer Science (FOCS)"}
@Comment
@string{sdm = "SIAM Int'l Conf. on Data Mining (SDM)"}
@Comment
@string{ijcai = "Int'l Joint Conf. on Artificial Intelligence (IJCAI)"}
@Comment
@string{www = "Int'l World Wide Web Conference (WWW)"}
@Comment
@string{acl = "Association of Computational
Linguistics Conference (ACL)"}

% SHORT VERSION
@string{vldb = "VLDB"}
@string{icde = "ICDE"}
@string{kdd = "SIGKDD"}
@string{sigmod = "SIGMOD"}
@string{icdm = "ICDM"}
@string{edbt = "EDBT"}
@string{icml = "ICML"}
@string{pods = "PODS"}
@string{icdt = "ICDT"}
@string{focs = "FOCS"}
@string{sdm = "SIAM Data Mining"}
@string{ijcai = "IJCAI"}
@string{www = "WWW"}
@string{webdb = "WebDB"}
@string{nips = "NIPS"}
@string{iccl = "ICCL"}
@string{icdl = "ICDL"}
@string{sigir = "SIGIR"}
@string{acl = "ACL"}

@inproceedings{YuanW4:2013,
 author = {Yuan, Quan and Cong, Gao and Ma, Zongyang and Sun, Aixin and Thalmann, Nadia Magnenat-},
 title = {Who, Where, when and What: Discover Spatio-temporal Topics for Twitter Users},
 booktitle = {SIGKDD},
 year = {2013},
 pages = {605--613}
}

@inproceedings{YeGeoSocial:2011,
 author = {Ye, Mao and Yin, Peifeng and Lee, Wang-Chien and Lee, Dik-Lun},
 title = {Exploiting Geographical Influence for Collaborative Point-of-interest Recommendation},
 booktitle = {SIGIR},
 year = {2011},
 pages = {325--334}
}

@inproceedings{Eisenstein:2010,
 author = {Eisenstein, Jacob and O'Connor, Brendan and Smith, Noah A. and Xing, Eric P.},
 title = {A Latent Variable Model for Geographic Lexical Variation},
 booktitle = {EMNLP},
 year = {2010},
 pages = {1277--1287}
}

@inproceedings{Geofolk:2010,
 author = {Sizov, Sergej},
 title = {GeoFolk: Latent Spatial Semantics in Web 2.0 Social Media},
 booktitle = {WSDM},
 year = {2010},
 pages = {281--290}
}

@inproceedings{Yin:2011,
 author = {Yin, Zhijun and Cao, Liangliang and Han, Jiawei and Zhai, Chengxiang and Huang, Thomas},
 title = {Geographical Topic Discovery and Comparison},
 booktitle = {WWW},
 series = {WWW '11},
 year = {2011},
 pages = {247--256}
}

@inproceedings{Hong:2012,
 author = {Hong, Liangjie and Ahmed, Amr and Gurumurthy, Siva and Smola, Alexander J. and Tsioutsiouliklis, Kostas},
 title = {Discovering Geographical Topics in the Twitter Stream},
 booktitle = {WWW},
 year = {2012},
 pages = {769--778}
}

@inproceedings{YuanPOI:2013,
 author = {Yuan, Quan and Cong, Gao and Ma, Zongyang and Sun, Aixin and Thalmann, Nadia Magnenat-},
 title = {Time-aware Point-of-interest Recommendation},
 booktitle = {SIGIR},
 year = {2013},
 pages = {363--372}
}

@inproceedings{YangSenti:2013,
 author = {Yang, Dingqi and Zhang, Daqing and Yu, Zhiyong and Wang, Zhu},
 title = {A Sentiment-enhanced Personalized Location Recommendation System},
 booktitle = {HT},
 year = {2013},
 pages = {119--128}
}

@article{BleiLDA:2003,
 author = {Blei, David M. and Ng, Andrew Y. and Jordan, Michael I.},
 title = {Latent Dirichlet Allocation},
 journal = {J. Mach. Learn. Res.},
 volume = {3},
 year = {2003},
 pages = {993--1022},
}

@inproceedings{MeiTSM:2007,
 author = {Mei, Qiaozhu and Ling, Xu and Wondra, Matthew and Su, Hang and Zhai, ChengXiang},
 title = {Topic Sentiment Mixture: Modeling Facets and Opinions in Weblogs},
 booktitle = {WWW},
 year = {2007},
 pages = {171--180}
}

@inproceedings{TitovMGLDA:2008,
 author = {Titov, Ivan and McDonald, Ryan},
 title = {Modeling Online Reviews with Multi-grain Topic Models},
 booktitle = {WWW},
 year = {2008},
 pages = {111--120}
}

@inproceedings{TitovMAS:2008,
  author    = {Ivan Titov and
               Ryan T. McDonald},
  title     = {A Joint Model of Text and Aspect Ratings for Sentiment Summarization},
  booktitle = {ACL},
  year      = {2008},
  pages     = {308-316}
}

@inproceedings{WangLRR:2010,
 author = {Wang, Hongning and Lu, Yue and Zhai, Chengxiang},
 title = {Latent Aspect Rating Analysis on Review Text Data: A Rating Regression Approach},
 booktitle = {KDD},
 year = {2010},
 pages = {783--792}
}

@inproceedings{JoASUM:2011,
 author = {Jo, Yohan and Oh, Alice H.},
 title = {Aspect and Sentiment Unification Model for Online Review Analysis},
 booktitle = {WSDM},
 year = {2011},
 pages = {815--824}
}

@inproceedings{MeiST:2006,
 author = {Mei, Qiaozhu and Liu, Chao and Su, Hang and Zhai, ChengXiang},
 title = {A Probabilistic Approach to Spatiotemporal Theme Pattern Mining on Weblogs},
 booktitle = {WWW},
 year = {2006},
 pages = {533--542}
}

@inproceedings{Sakaki:2010,
 author = {Sakaki, Takeshi and Okazaki, Makoto and Matsuo, Yutaka},
 title = {Earthquake Shakes Twitter Users: Real-time Event Detection by Social Sensors},
 booktitle = {WWW},
 year = {2010},
 pages = {851--860}
}

@inproceedings{MoghaddamILDA:2011,
 author = {Moghaddam, Samaneh and Ester, Martin},
 title = {ILDA: Interdependent LDA Model for Learning Latent Aspects and Their Ratings from Online Product Reviews},
 booktitle = {SIGIR},
 year = {2011},
 pages = {665--674}
}

@inproceedings{Ovsjanikov:2010,
 author = {Ovsjanikov, Maks and Chen, Ye},
 title = {Topic Modeling for Personalized Recommendation of Volatile Items},
 booktitle = {ECML},
 year = {2010},
 pages = {483--498}
}

@inproceedings{Levandoski:2012,
 author = {Levandoski, Justin J. and Sarwat, Mohamed and Eldawy, Ahmed and Mokbel, Mohamed F.},
 title = {LARS: A Location-Aware Recommender System},
 booktitle = {ICDE},
 year = {2012},
 pages = {450--461}
}

@article{Mohamed:2013,
author = {Mohamed Sarwat and Justin J. Levandoski and Ahmed Eldawy and Mohamed F. Mokbel},
title = {LARS*: An Efficient and Scalable Location-Aware Recommender System},
journal ={TKDE},
volume = {99},
year = {2013},
pages = {1},
}

@inproceedings{Kurashima:2013,
 author = {Kurashima, Takeshi and Iwata, Tomoharu and Hoshide, Takahide and Takaya, Noriko and Fujimura, Ko},
 title = {Geo Topic Model: Joint Modeling of User's Activity Area and Interests for Location Recommendation},
 booktitle = {WSDM},
 year = {2013},
 pages = {375--384}
}

@article{Liu:1989,
 author = {Liu, D. C. and Nocedal, J.},
 title = {On the Limited Memory BFGS Method for Large Scale Optimization},
 journal = {Math. Program.},
 issue_date = {Dec. 1989},
 volume = {45},
 number = {3},
 month = dec,
 year = {1989},
 pages = {503--528},
 numpages = {26}
}

@inproceedings{HuSTM:2013,
 author = {Hu, Bo and Ester, Martin},
 title = {Spatial Topic Modeling in Online Social Media for Location Recommendation},
 booktitle = {RecSys},
 year = {2013},
 pages = {25--32},
 numpages = {8}
} 


@inproceedings{YinTCM:2014,
 author = {Yin, Hongzhi and Cui, Bin and Chen, Ling and Hu, Zhiting and Huang, Zi},
 title = {A Temporal Context-aware Model for User Behavior Modeling in Social Media Systems},
 booktitle = {SIGMOD},
 year = {2014},
 pages = {1543--1554},
 numpages = {12}
}

@inproceedings{LiuBin:13,
 author = {Liu, Bin and Fu, Yanjie and Yao, Zijun and Xiong, Hui},
 title = {Learning Geographical Preferences for Point-of-interest Recommendation},
 booktitle = {KDD},
 year = {2013},
 pages = {1043--1051},
 numpages = {9}
} 

@INPROCEEDINGS{ChengYKL12,
AUTHOR = "Chen Cheng and Haiqin Yang and Irwin King and Michael R. Lyu",
TITLE = "Fused Matrix Factorization with Geographical and Social Influence in Location-Based Social Networks",
BOOKTITLE = "AAAI",
YEAR = {2012}, 
}

@inproceedings{ZhangYF14,
 author = {Zhang, Yongfeng and Lai, Guokun and Zhang, Min and Zhang, Yi and Liu, Yiqun and Ma, Shaoping},
 title = {Explicit Factor Models for Explainable Recommendation Based on Phrase-level Sentiment Analysis},
 booktitle = {SIGIR},
 year = {2014},
 pages = {83--92},
 numpages = {10}
}

@inproceedings{FaginTA:2001,
 author = {Fagin, Ronald and Lotem, Amnon and Naor, Moni},
 title = {Optimal Aggregation Algorithms for Middleware},
 booktitle = {PODS},
 year = {2001},
 pages = {102--113},
 numpages = {12},
}

@inproceedings{Yin:2014:TCM,
 author = {Yin, Hongzhi and Cui, Bin and Chen, Ling and Hu, Zhiting and Huang, Zi},
 title = {A Temporal Context-aware Model for User Behavior Modeling in Social Media Systems},
 booktitle = {SIGMOD},
 year = {2014},
 pages = {1543--1554},
 numpages = {12},
}

@article{Yin:2014TKDD,
 author = {Yin, Hongzhi and Cui, Bin and Chen, Ling and Hu, Zhiting and Zhang, Chengqi},
 title = {Modeling Location-based User Rating Profiles for Personalized Recommendation},
 journal = {TKDD},
 month = jan,
 year = {2014},
 numpages = {38}
}

@inproceedings{Lu:2011:ACC,
 author = {Lu, Yue and Castellanos, Malu and Dayal, Umeshwar and Zhai, ChengXiang},
 title = {Automatic Construction of a Context-aware Sentiment Lexicon: An Optimization Approach},
 booktitle = {WWW},
 year = {2011},
 pages = {347--356},
 numpages = {10},
}

@inproceedings{Zhang:2014:URR,
 author = {Zhang, Yongfeng and Zhang, Haochen and Zhang, Min and Liu, Yiqun and Ma, Shaoping},
 title = {Do Users Rate or Review?: Boost Phrase-level Sentiment Labeling with Review-level Sentiment Classification},
 booktitle = {SIGIR},
 year = {2014},
 pages = {1027--1030},
 numpages = {4},
}

@inproceedings{Yuan:2014:GBPB,
 author = {Quan Yuan and Gao Cong and Aixin Sun},
 title = {Graph-based Point-of-interest Recommendation with Geographical and Temporal Influences},
 booktitle = {CIKM},
 year = {2014},
 pages = {659--668},
 }