@inproceedings{DBLP:conf/icmcs/OhbuchiUE02,
  author    = {Ryutarou Ohbuchi and
               Hiroo Ueda and
               Shuh Endoh},
  title     = {Robust watermarking of vector digital maps},
  booktitle = {ICME (1)},
  year      = {2002},
  pages     = {577-580},
  ee        = {http://dx.doi.org/10.1109/ICME.2002.1035847},
  crossref  = {DBLP:conf/icmcs/2002-1},
  bibsource = {DBLP, http://dblp.uni-trier.de}
}
@proceedings{DBLP:conf/icmcs/2002-1,
  title     = {Proceedings of the 2002 IEEE International Conference on
               Multimedia and Expo, ICME 2002, Lausanne, Switzerland. August
               26-29, 2002. Volume I},
  booktitle = {ICME (1)},
  publisher = {IEEE},
  year      = {2002},
  isbn      = {            0-7803-7304-9      },
  ee        = {http://ieeexplore.ieee.org/xpl/tocresult.jsp?isnumber=22221},
  bibsource = {DBLP, http://dblp.uni-trier.de}
}
@inproceedings{DBLP:conf/smi/OhbuchiUE03,
  author    = {Ryutarou Ohbuchi and
               Hiroo Ueda and
               Shuh Endoh},
  title     = {Watermarking 2D Vector Maps in the Mesh-Spectral Domain},
  booktitle = {Shape Modeling International},
  year      = {2003},
  pages     = {216-228},
  ee        = {http://doi.ieeecomputersociety.org/10.1109/SMI.2003.1199619},
  crossref  = {DBLP:conf/smi/2003},
  bibsource = {DBLP, http://dblp.uni-trier.de}
}
@proceedings{DBLP:conf/smi/2003,
  title     = {2003 International Conference on Shape Modeling and Applications
               (SMI 2003), 12-16 May 2003, Seoul, Korea},
  booktitle = {Shape Modeling International},
  publisher = {IEEE Computer Society},
  year      = {2003},
  isbn      = {0-7695-1909-1},
  bibsource = {DBLP, http://dblp.uni-trier.de}
}