@article{adriani2000using,
  title={Using statistical term similarity for sense disambiguation in cross-language information retrieval},
  author={Adriani, M.},
  journal={Information Retrieval},
  volume={2},
  number={1},
  pages={71--82},
  year={2000},
  publisher={Springer}
}

@article{carpuat2007phrase,
  title={How phrase sense disambiguation outperforms word sense disambiguation for statistical machine translation},
  author={Carpuat, M. and Wu, D.},
  journal={Proceedings of TMI},
  pages={43--52},
  year={2007},
  publisher={Citeseer}
}

@inproceedings{WuLWZ12,
  author    = {Wentao Wu and
               Hongsong Li and
               Haixun Wang and
               Kenny Qili Zhu},
  title     = {Probase: a probabilistic taxonomy for text understanding},
  booktitle = {SIGMOD Conference},
  year      = {2012},
  pages     = {481--492}
}

@inproceedings{MihalceaC07,
  author    = {Rada Mihalcea and
               Andras Csomai},
  title     = {Wikify!: linking documents to encyclopedic knowledge},
  booktitle = {CIKM},
  year      = {2007},
  pages     = {233-242}
}

@inproceedings{cucerzan2007large,
  title={Large-scale named entity disambiguation based on Wikipedia data},
  author={Cucerzan, S.},
  booktitle={Proceedings of EMNLP-CoNLL},
  volume={2007},
  pages={708--716},
  year={2007}
}

@inproceedings{kulkarni2009collective,
  title={Collective annotation of Wikipedia entities in web text},
  author={Kulkarni, S. and Singh, A. and Ramakrishnan, G. and Chakrabarti, S.},
  booktitle={SIGKDD},
  pages={457--466},
  year={2009},
  organization={ACM}
}

@inproceedings{ferragina2010tagme,
  title={Tagme: on-the-fly annotation of short text fragments (by wikipedia entities)},
  author={Ferragina, P. and Scaiella, U.},
  booktitle={CIKM},
  pages={1625--1628},
  year={2010},
  organization={ACM}
}

@inproceedings{milne2008learning,
  title={Learning to link with wikipedia},
  author={Milne, D. and Witten, I.H.},
  booktitle={CIKM},
  pages={509--518},
  year={2008},
  organization={ACM}
}

@article{daientity,
  title={From Entity Recognition to Entity Linking: A Survey of Advanced Entity Linking Techniques},
  author={Dai, H.J. and Wu, C.Y. and Tsai, R.T.H. and Hsu, W.L.}
}

@article{fernando2012adapting,
  title={Adapting Wikification to Cultural Heritage},
  author={Fernando, S. and Stevenson, M.},
  journal={EACL 2012},
  pages={101},
  year={2012}
}

@article{lui2011generation,
  title={Generation of Hypertext for Web-Based Learning Based on Wikification},
  author={Lui, A.K.F. and Ng, V.S.C. and Tsang, E.K.M. and Ho, A.C.H.},
  journal={Enhancing Learning Through Technology. Education Unplugged: Mobile Technologies and Web 2.0},
  pages={280--290},
  year={2011},
  publisher={Springer}
}

@phdthesis{skaggs2011topic,
  title={Topic Modeling for Wikipedia Link Disambiguation},
  author={Skaggs, B.A.},
  year={2011}
}

@inproceedings{bartunov2011wikifyme,
  title={WikifyMe: Creating Testbed for Wikifiers},
  author={Bartunov, S. and Boldakov, A. and Turdakov, D.},
  booktitle={Proceedings of the Spring Researchers Colloquium on Database and Information Systems, Moscow, Russia},
  volume={2009},
  year={2011}
}

@inproceedings{HeRSOQ11,
  author    = {Jiyin He and
               Maarten de Rijke and
               Merlijn Sevenster and
               Rob C. van Ommering and
               Yuechen Qian},
  title     = {Generating links to background knowledge: a case study using
               narrative radiology reports},
  booktitle = {CIKM},
  year      = {2011},
  pages     = {1867-1876}
}

@article{GrieserBBS11,
  author    = {Karl Grieser and
               Timothy Baldwin and
               Fabian Bohnert and
               Liz Sonenberg},
  title     = {Using ontological and document similarity to estimate museum
               exhibit relatedness},
  journal   = {JOCCH},
  volume    = {3},
  number    = {3},
  year      = {2011},
  pages     = {10}
}

@article{cs-LG-0111003,
  author    = {Vasin Punyakanok and
               Dan Roth},
  title     = {The Use of Classifiers in Sequential Inference},
  journal   = {CoRR},
  volume    = {cs.LG/0111003},
  year      = {2001}
}

@inproceedings{Brin1998,
  author    = {Brin, Sergey and Page, Lawrence},
  title     = {The anatomy of a large-scale hypertextual Web search engine},
  booktitle = {WWW},
  year      = {1998},
  pages     = {107--117},
  publisher = {Elsevier Science Publishers B. V.}
}

@inproceedings{StrubeP06,
  author    = {Michael Strube and
               Simone Paolo Ponzetto},
  title     = {WikiRelate! Computing Semantic Relatedness Using Wikipedia},
  booktitle = {AAAI},
  year      = {2006},
  pages     = {1419-1424}
}

@article{Navigli09:WSD,
  author    = {Roberto Navigli},
  title     = {Word sense disambiguation: A survey},
  journal   = {ACM Comput. Surv.},
  volume    = {41},
  number    = {2},
  year      = {2009}
}

@inproceedings{jadidinejad2009query,
  title={Query Wikification: Mining Structured Queries From Unstructured Information Needs using Wikipedia-based Semantic Analysis},
  author={Jadidinejad, A.H. and Mahmoudi, F.},
  booktitle={Working Notes for the CLEF 2009 Workshop},
  year={2009}
}

@inproceedings{miao2010enhancing,
  title={Enhancing Query-oriented Summarization based on Sentence Wikification},
  author={Miao, Y. and Li, C.},
  booktitle={Workshop of the 33 rd Annual International},
  pages={32},
  year={2010}
}

@inproceedings{Li1998:WCD,
 author = {Hang Li and Naoki Abe},
 title = {Word clustering and disambiguation based on co-occurrence data},
 booktitle = {COLING},
 year = {1998},
 pages = {749--755}
}

@inproceedings{Fernandez-AmorosGSS10,
  author    = {David Fern{\'a}ndez-Amor{\'o}s and
               Ruben Heradio Gil and
               Jos{\'e} Antonio Cerrada Somolinos and
               Carlos Cerrada Somolinos},
  title     = {Automatic Word Sense Disambiguation Using Cooccurrence and
               Hierarchical Information},
  booktitle = {NLDB},
  year      = {2010},
  pages     = {60-67}
}

@inproceedings{ChungKML01,
  author    = {You-Jin Chung and
               Sin-Jae Kang and
               Kyoung-Hi Moon and
               Jong-Hyeok Lee},
  title     = {Word Sense Disambiguation Using Neural Networks with Concept
               Co-occurrence Information},
  booktitle = {NLPRS},
  year      = {2001},
  pages     = {715-722}
}

@inproceedings{GuthrieGWA91,
  author    = {Joe A. Guthrie and
               Louise Guthrie and
               Yorick Wilks and
               Homa Aidinejad},
  title     = {Subject-Dependent Co-Occurence and Word Sense Disambiguation},
  booktitle = {ACL},
  year      = {1991},
  pages     = {146-152}
}

@inproceedings{Stokoe2003:WSD,
 author = {Stokoe, Christopher and Oakes, Michael P. and Tait, John},
 title = {Word sense disambiguation in information retrieval revisited},
 booktitle = {SIGIR},
 year = {2003},
 pages = {159--166}
}

@book{wordnet,
  editor = {Christiane Fellbaum},
  publisher = {MIT Press},
  title = {WordNet: an electronic lexical database},
  year = {1998}
}

@book{LDOCE,
  editor = {P. Proctor},
  publisher = {Longman Group},
  title = {Longman Dictionary of Contemporary English},
  year = {1978}
}

@book{Oxford,
  editor = {C. Soanes and A. Stevenson},
  publisher = {Oxford University Press},
  title = {Oxford Dictionary of English},
  year = {2003}
}

@inproceedings{Charniak00:wsj,
  author="Eugene Charniak",
  title="BLLIP 1987-89 WSJ Corpus Release 1",
  booktitle="Linguistic Data Consortium",
  year="2000"
}

@inproceedings{Brants06:web1t,
  author="T. Brants and A. Franz",
  title="Web {1T} 5-gram, ver. 1",
  booktitle="Linguistic Data Consortium",
  year="2006"
}

@misc{wikipedia,
title = {Wikipedia},
howpublished = "\url{http://www.wikipedia.org}"
}

@misc{gulag,
title = {Gulag: Wikipedia Article},
howpublished = "\url{http://www.wikipedia.org/Gulag}"
}

@article{Veronis04:Hyperlex,
  author    = {Jean V{\'e}ronis},
  title     = {HyperLex: Lexical Cartography for Information Retrieval},
  journal   = {Computer Speech and Language},
  volume    = {Special Issue on Word Sense Disambiguation},
  year      = {2004}
}

@article{Schutze98:wsd,
  author    = {Hinrich Sch{\"u}tze},
  title     = {Automatic Word Sense Discrimination},
  journal   = {Computational Linguistics},
  volume    = {24},
  number    = {1},
  year      = {1998},
  pages     = {97-123}
}

@article{Tonelli2012,
title = {Wikipedia-based {WSD} for multilingual frame annotation},
journal = {Artificial Intelligence},
year = {2012},
author = {Sara Tonelli and Claudio Giuliano and Kateryna Tymoshenko}
}

@inproceedings{RatinovRDA11,
  author    = {Lev-Arie Ratinov and
               Dan Roth and
               Doug Downey and
               Mike Anderson},
  title     = {Local and Global Algorithms for Disambiguation to Wikipedia},
  booktitle = {ACL},
  year      = {2011},
  pages     = {1375-1384}
}

@inproceedings{Boston:2012,
 author = {Boston, Christopher and Carberry, Sandra and Fang, Hui},
 title = {Wikimantic: disambiguation for short queries},
 booktitle = {NLDB},
 year = {2012},
 pages = {140--151}
}
