@article{Pearl2009,
  title={Causal inference in statistics: An overview},
  author={Pearl, Judea and others},
  journal={Statistics surveys},
  year={2009},
}

@article{waldmann2013causal,
	title={Causal reasoning.},
	author={Waldmann, Michael R and Hagmayer, York},
	year={2013},
}

@inproceedings{Li2016a,
  title={Commonsense knowledge base completion},
  author={Li, Xiang and Taheri, Aynaz and Tu, Lifu and Gimpel, Kevin},
  booktitle={Proceedings of the 54th Annual Meeting of the Association for Computational Linguistics (Volume 1: Long Papers)},
  year={2016}
}
@article{Radinsky2012,
	author = {Radinsky, Kira and Davidovich, Sagie and Markovitch, Shaul},
	journal = {WWW 2012},
	title = {{Learning Causality for News Events Prediction}},
	year = {2012}
}

@inproceedings{bordes,
  title={Translating embeddings for modeling multi-relational data},
  author={Bordes, Antoine and Usunier, Nicolas and Garcia-Duran, Alberto and Weston, Jason and Yakhnenko, Oksana},
  booktitle={Advances in neural information processing systems},
  year={2013}
}

@article{Luo2016a,
author = {Luo, Zhiyi and Sha, Yuchen and Zhu, Kenny Q and Hwang, Seung-won and Wang, Zhongyuan},
journal = {Proceedings, Fifteenth International Conference on Principles of Knowledge Representation and Reasoning (KR 2016)},
keywords = {Causality,Full Papers: Reasoning about Actions},
title = {{Commonsense Causal Reasoning between Short Texts}},
year = {2016}
}

@article{Speer2016,
author = {Speer, Robert and Chin, Joshua and Havasi, Catherine},
keywords = {Special Track on Cognitive Systems},
title = {{ConceptNet 5.5: An Open Multilingual Graph of General Knowledge}},
year = {2016}
}

@article{BakerCollinFandFillmoreCharlesJandLowe1997,
author = {Baker, Collin F. and Fillmore, Charles J. and Lowe, John B.},
journal = {Proceedings of the 36th annual meeting on Association for Computational Linguistics  -},
title = {{The Berkeley FrameNet Project}},
year = {1998}
}

@article{Zhao2017,
author = {Zhao, Sendong and Wang, Quan and Massung, Sean and Qin, Bing and Liu, Ting and Wang, Bin and Zhai, ChengXiang},
journal = {Proceedings of the Tenth ACM International Conference on Web Search and Data Mining - WSDM '17},
keywords = {bedding methods,causality,em-,event causality network,event prediction,stock price movement prediction},
title = {{Constructing and Embedding Abstract Event Causality Networks from Text Snippets}},
year = {2017}
}

@inproceedings{Ding,
  title={Deep learning for event-driven stock prediction},
  author={Ding, Xiao and Zhang, Yue and Liu, Ting and Duan, Junwen},
  booktitle={Twenty-Fourth International Joint Conference on Artificial Intelligence},
  year={2015}
}
@article{Ding2016,
author = {Ding, Xiao and Zhang, Yue and Liu, Ting and Duan, Junwen},
journal = {Proceedings of COLING 2016, the 26th International Conference on Computational Linguistics: Technical Papers},
title = {{Knowledge-Driven Event Embedding for Stock Prediction}},
year = {2016}
}

@article{Quinlan1990,
author = {Quinlan, J. R.},
journal = {Machine Learning},
keywords = {Induction,empirical learning,first-order rules,relational data},
title = {{Learning Logical Definitions from Relations}},
year = {1990}
}

@inproceedings{Muggleton1997,
  title={Learning from positive data},
  author={Muggleton, Stephen},
  booktitle={International Conference on Inductive Logic Programming},
  year={1996},
}

@article{Wu2012a,
author = {Wu, Wentao and Li, Hongsong and Wang, Haixun and Zhu, Kenny Q.},
journal = {Proceedings of the 2012 ACM SIGMOD {\ldots}},
keywords = {knowledgebase,taxonomy,text understanding},
title = {{Probase: A probabilistic taxonomy for text understanding}},
year = {2012}
}

@article{Cui2016,
author = {Cui, Wanyun and Zhou, Xiyou and Lin, Hangyu and Xiao, Yanghua and Wang, Haixun and Wang, Wei},
journal = {Proceedings of the 30th Conference on Artificial Intelligence (AAAI 2016)},
keywords = {Technical Papers: Natural Language Processing and},
title = {{Verb Pattern : A Probabilistic Semantic Representation on Verbs}},
year = {2016}
}

@article{Zhu,
  title={Incremental learning of system log formats},
  author={Zhu, Kenny Q and Fisher, Kathleen and Walker, David},
  journal={ACM SIGOPS Operating Systems Review},
  year={2010},
}


@inproceedings{Chang2005,
  title={Causal relation extraction using cue phrase and lexical pair probabilities},
  author={Chang, Du-Seong and Choi, Key-Sun},
  booktitle={International Conference on Natural Language Processing},
  year={2004},
}

@inproceedings{Manning,
  title={The Stanford CoreNLP natural language processing toolkit},
  author={Manning, Christopher and Surdeanu, Mihai and Bauer, John and Finkel, Jenny and Bethard, Steven and McClosky, David},
  booktitle={Proceedings of 52nd annual meeting of the association for computational linguistics: system demonstrations},
  year={2014}
}

@inproceedings{xu2017,
  title={CN-DBpedia: a never-ending Chinese knowledge extraction system},
  author={Xu, Bo and Xu, Yong and Liang, Jiaqing and Xie, Chenhao and Liang, Bin and Cui, Wanyun and Xiao, Yanghua},
  booktitle={International Conference on Industrial, Engineering and Other Applications of Applied Intelligent Systems},
  year={2017},
}

@article{Niu2011,
author = {Niu, Xing and Sun, Xinruo and Wang, Haofen and Rong, Shu and Qi, Guilin and Yu, Yong},
journal = {The Semantic Webâ€“ISWC {\ldots}},
title = {{Zhishi. me-weaving Chinese linking open data}},
year = {2011}
}

@article{Bergadano1996,
author = {Bergadano, Francesco and Gunetti, Daniele},
title = {{Inductive Logic Programming}},
year = {1996}
}


@article{Wang2017,
  title={Knowledge graph embedding: A survey of approaches and applications},
  author={Wang, Quan and Mao, Zhendong and Wang, Bin and Guo, Li},
  journal={IEEE Transactions on Knowledge and Data Engineering},
  year={2017},
}

@article{Ding2016,
author = {Ding, Xiao and Zhang, Yue and Liu, Ting and Duan, Junwen},
journal = {Proceedings of COLING 2016, the 26th International Conference on Computational Linguistics: Technical Papers},
title = {{Knowledge-Driven Event Embedding for Stock Prediction}},
year = {2016}
}

@article{Schoenmackers2010,
author = {Schoenmackers, Stefan (University of Washington/Turing Center) and Etzioni, Oren (University of Washington/Turing Center) and Weld, Daniel S. (University of Washington/Turing Center) and Davis, Jesse (Katholieke Universiteit Leuven)},
journal = {Proceedings of the 2010 Conference on Empirical Methods in Natural Language Processing},
keywords = {a systems merely locate,even sophisticated web based,ex,from multiple,has inferred,less answer,pages contain,plicit answer a,q,queries,question,systems help},
title = {{Learning first-order horn clauses from web text}},
year = {2010}
}

@inproceedings{de2007problog,
  title={ProbLog: A Probabilistic Prolog and Its Application in Link Discovery.},
  author={De Raedt, Luc and Kimmig, Angelika and Toivonen, Hannu},
  booktitle={IJCAI},
  year={2007},
}

@article{Wielemaker2010,
title = {SWI-Prolog},
author = {Wielemaker, J A N and Schrijvers, T O M and Triska, Markus and Orn, Torbj},
Journal ={Theory and Practice of Logic Programming},
year = {2010}
}

@article{bach:jmlr17,
  Author = {Bach, Stephen H. and Broecheler, Matthias and Huang, Bert and Getoor, Lise},
  Journal = {Journal of Machine Learning Research (JMLR)},
  Title = {Hinge-Loss {M}arkov Random Fields and Probabilistic Soft Logic},
  Year = {2017}
}

@article{sap2018atomic,
  title={ATOMIC: An Atlas of Machine Commonsense for If-Then Reasoning},
  author={Sap, Maarten and LeBras, Ronan and Allaway, Emily and Bhagavatula, Chandra and Lourie, Nicholas and Rashkin, Hannah and Roof, Brendan and Smith, Noah A and Choi, Yejin},
  journal={Proceedings of the 33th Conference on Artificial Intelligence (AAAI 2019)},
  year={2018}
}