@inproceedings{liu2020exploring,
  title     = {Exploring Bilingual Parallel Corpora for Syntactically Controllable Paraphrase Generation},
  author    = {Liu, Mingtong and Yang, Erguang and Xiong, Deyi and Zhang, Yujie and Sheng, Chen and Hu, Changjian and Xu, Jinan and Chen, Yufeng},
  publisher = {IJCAI}, 
  year      = {2020}
}


@inproceedings{wang2019task,
  title={A task in a suit and a tie: paraphrase generation with semantic augmentation},
  author={Wang, Su and Gupta, Rahul and Chang, Nancy and Baldridge, Jason},
  booktitle={AAAI},
  year={2019}
}

@article{li2019decomposable,
  title={Decomposable Neural Paraphrase Generation},
  author={Li, Zichao and Jiang, Xin and Shang, Lifeng and Liu, Qun},
  journal={arXiv preprint},
  year={2019}
}

@inproceedings{gupta2018deep,
  title={A deep generative framework for paraphrase generation},
  author={Gupta, Ankush and Agarwal, Arvind and Singh, Prawaan and Rai, Piyush},
  booktitle={AAAI},
  year={2018}
}

@article{prakash2016neural,
  title={Neural paraphrase generation with stacked residual lstm networks},
  author={Prakash, Aaditya and Hasan, Sadid A and Lee, Kathy and Datla, Vivek and Qadir, Ashequl and Liu, Joey and Farri, Oladimeji},
  journal={arXiv preprint},
  year={2016}
}

@inproceedings{fader2013paraphrase,
  title={Paraphrase-driven learning for open question answering},
  author={Fader, Anthony and Zettlemoyer, Luke and Etzioni, Oren},
  booktitle={ACL},
  year={2013}
}

@inproceedings{lin2014microsoft,
  title={Microsoft coco: Common objects in context},
  author={Lin, Tsung-Yi and Maire, Michael and Belongie, Serge and Hays, James and Perona, Pietro and Ramanan, Deva and Doll{\'a}r, Piotr and Zitnick, C Lawrence},
  booktitle={ECCV},
  year={2014},
}

@article{lan2017continuously,
  title={A continuously growing dataset of sentential paraphrases},
  author={Lan, Wuwei and Qiu, Siyu and He, Hua and Xu, Wei},
  journal={arXiv preprint},
  year={2017}
}

@inproceedings{ganitkevitch2013ppdb,
  title={PPDB: The paraphrase database},
  author={Ganitkevitch, Juri and Van Durme, Benjamin and Callison-Burch, Chris},
  booktitle={NAACL},
  year={2013}
}

@article{wieting2017paranmt,
  title={Paranmt-50m: Pushing the limits of paraphrastic sentence embeddings with millions of machine translations},
  author={Wieting, John and Gimpel, Kevin},
  journal={arXiv preprint},
  year={2017}
}

@article{liberman2002emotional,
  title={Emotional prosody speech and transcripts},
  author={Liberman, Mark},
  journal={http://www. ldc. upenn. edu/Catalog/CatalogEntry. jsp? catalogId= LDC2002S28},
  year={2002}
}

@book{huang2002multiple,
  title={Multiple-translation Chinese corpus},
  author={Huang, Shudong and Graff, David and Doddington, George},
  year={2002},
  publisher={Linguistic Data Consortium, University of Pennsylvania}
}

@article{mckeown1983paraphrasing,
  title={Paraphrasing questions using given and new information},
  author={McKeown, Kathleen R},
  journal={Computational Linguistics},
  year={1983}
}

@inproceedings{kozlowski2003generation,
  title={Generation of single-sentence paraphrases from predicate/argument structure using lexico-grammatical resources},
  author={Kozlowski, Raymond and McCoy, Kathleen F and Vijay-Shanker, K},
  booktitle={the second international workshop},
  year={2003},
}

@inproceedings{ellsworth2007mutaphrase,
  title={Mutaphrase: Paraphrasing with framenet},
  author={Ellsworth, Michael and Janin, Adam},
  booktitle={the ACL-PASCAL Workshop},
  year={2007},
}

@inproceedings{zhao2009application,
  title={Application-driven statistical paraphrase generation},
  author={Zhao, Shiqi and Lan, Xiang and Liu, Ting and Li, Sheng},
  booktitle={the AFNLP},
  year={2009}
}

@article{kingma2013auto,
  title={Auto-encoding variational bayes},
  author={Kingma, Diederik P and Welling, Max},
  journal={arXiv preprint},
  year={2013}
}

@inproceedings{vaswani2017attention,
  title={Attention is all you need},
  author={Vaswani, Ashish and Shazeer, Noam and Parmar, Niki and Uszkoreit, Jakob and Jones, Llion and Gomez, Aidan N and Kaiser, {\L}ukasz and Polosukhin, Illia},
  booktitle={NIPS},
  year={2017}
}

@inproceedings{miao2019cgmh,
  title={Cgmh: Constrained sentence generation by metropolis-hastings sampling},
  author={Miao, Ning and Zhou, Hao and Mou, Lili and Yan, Rui and Li, Lei},
  booktitle={AAAI},
  year={2019}
}

@article{liu2019unsupervised,
  title={Unsupervised Paraphrasing by Simulated Annealing},
  author={Liu, Xianggen and Mou, Lili and Meng, Fandong and Zhou, Hao and Zhou, Jie and Song, Sen},
  journal={arXiv preprint},
  year={2019}
}

@inproceedings{quirk2004monolingual,
  title={Monolingual machine translation for paraphrase generation},
  author={Quirk, Chris and Brockett, Chris and Dolan, William},
  booktitle={EMNLP},
  year={2004}
}

@inproceedings{zhao2008combining,
  title={Combining multiple resources to improve SMT-based paraphrasing model},
  author={Zhao, Shiqi and Niu, Cheng and Zhou, Ming and Liu, Ting and Li, Sheng},
  booktitle={ACL},
  year={2008}
}

@article{sennrich2015improving,
  title={Improving neural machine translation models with monolingual data},
  author={Sennrich, Rico and Haddow, Barry and Birch, Alexandra},
  journal={arXiv preprint},
  year={2015}
}

@article{hu2019parabank,
  title={ParaBank: Monolingual bitext generation and sentential paraphrasing via lexically-constrained neural machine translation},
  author={Hu, J Edward and Rudinger, Rachel and Post, Matt and Van Durme, Benjamin},
  journal={arXiv preprint},
  year={2019}
}

@inproceedings{hu2019improved,
  title={Improved Lexically Constrained Decoding for Translation and Monolingual Rewriting},
  author={Hu, J Edward and Khayrallah, Huda and Culkin, Ryan and Xia, Patrick and Chen, Tongfei and Post, Matt and Van Durme, Benjamin},
  booktitle={NAACL},
  year={2019}
}

@article{gulcehre2015using,
  title={On using monolingual corpora in neural machine translation},
  author={Gulcehre, Caglar and Firat, Orhan and Xu, Kelvin and Cho, Kyunghyun and Barrault, Loic and Lin, Huei-Chi and Bougares, Fethi and Schwenk, Holger and Bengio, Yoshua},
  journal={arXiv preprint},
  year={2015}
}

@inproceedings{domhan2017using,
  title={Using target-side monolingual data for neural machine translation through multi-task learning},
  author={Domhan, Tobias and Hieber, Felix},
  booktitle={EMNLP},
  year={2017}
}

@article{miller1995wordnet,
  title={WordNet: a lexical database for English},
  author={Miller, George A},
  journal={Communications of the ACM},
  year={1995},
  publisher={ACM}
}

@article{see2017get,
  title={Get to the point: Summarization with pointer-generator networks},
  author={See, Abigail and Liu, Peter J and Manning, Christopher D},
  journal={arXiv preprint},
  year={2017}
}

@inproceedings{sun2012joint,
  title={Joint learning of a dual SMT system for paraphrase generation},
  author={Sun, Hong and Zhou, Ming},
  booktitle={ACL Short Paper},
  year={2012}
}

@inproceedings{papineni2002bleu,
  title={BLEU: a method for automatic evaluation of machine translation},
  author={Papineni, Kishore and Roukos, Salim and Ward, Todd and Zhu, Wei-Jing},
  booktitle={ACL},
  year={2002}
}

@inproceedings{lin2004rouge,
  title={Rouge: A package for automatic evaluation of summaries},
  author={Lin, Chin-Yew},
  booktitle={Text summarization branches out},
  pages={74--81},
  year={2004}
}

@inproceedings{ziemski2016united,
  title={The united nations parallel corpus v1. 0},
  author={Ziemski, Micha{\l} and Junczys-Dowmunt, Marcin and Pouliquen, Bruno},
  booktitle={LREC},
  year={2016}
}

@inproceedings{tiedemann2012parallel,
  title={Parallel Data, Tools and Interfaces in OPUS.},
  author={Tiedemann, J{\"o}rg},
  booktitle={LREC},
  year={2012}
}

@article{sennrich2016edinburgh,
  title={Edinburgh neural machine translation systems for wmt 16},
  author={Sennrich, Rico and Haddow, Barry and Birch, Alexandra},
  journal={arXiv preprint},
  year={2016}
}

@inproceedings{koehn2005europarl,
  title={Europarl: A parallel corpus for statistical machine translation},
  author={Koehn, Philipp},
  booktitle={MT summit},
  year={2005}
}

@article{edunov2018understanding,
  title={Understanding back-translation at scale},
  author={Edunov, Sergey and Ott, Myle and Auli, Michael and Grangier, David},
  journal={arXiv preprint},
  year={2018}
}

@inproceedings{fu2019paraphrase,
  title={Paraphrase Generation with Latent Bag of Words},
  author={Fu, Yao and Feng, Yansong and Cunningham, John P},
  booktitle={NIPS},
  year={2019}
}

@inproceedings{pennington2014glove,
  title={Glove: Global vectors for word representation},
  author={Pennington, Jeffrey and Socher, Richard and Manning, Christopher},
  booktitle={EMNLP},
  year={2014}
}

@inproceedings{mihalcea2004textrank,
  title={Textrank: Bringing order into text},
  author={Mihalcea, Rada and Tarau, Paul},
  booktitle={EMNLP},
  year={2004}
}

@inproceedings{denoisingAE,
author = {Vincent, Pascal and Larochelle, Hugo and Bengio, Yoshua and Manzagol, Pierre-Antoine},
title = {Extracting and Composing Robust Features with Denoising Autoencoders},
year = {2008},
series = {ICML}
}

@inproceedings{pup2020,
author = {Siddique, A. B. and Oymak, Samet and Hristidis, Vagelis},
title = {Unsupervised Paraphrasing via Deep Reinforcement Learning},
year = {2020},
series = {KDD }
}