% Use this file for citations not found in the ACL Anthology (contained in "anthology.bib").

@article{ladefoged2006course,
	title={A course in phonetics},
	author={Ladefoged, Peter},
	journal={Thomson Wadsworth},
	year={2006}
}

@article{hagiwara2024ispa,
	title={{ISPA}: Inter-Species Phonetic Alphabet for Transcribing Animal Sounds},
	author={Hagiwara, Masato and Miron, Marius and Liu, Jen-Yu},
	journal={arXiv preprint arXiv:2402.03269},
	year={2024}
}

@article{li2024phonetic,
	title={Phonetic and Lexical Discovery of a Canine Language using {HuBERT}},
	author={Li, Xingyuan and Wang, Sinong and Xie, Zeyu and Wu, Mengyue and Zhu, Kenny Q},
	journal={arXiv preprint arXiv:2402.15985},
	year={2024}
}

@article{abzaliev2024towards,
	title={Towards Dog Bark Decoding: Leveraging Human Speech Processing for Automated Bark Classification},
	author={Abzaliev, Artem and Espinosa, Humberto P{\'e}rez and Mihalcea, Rada},
	journal={arXiv preprint arXiv:2404.18739},
	year={2024}
}

@inproceedings{hantke2018my,
	title={What is my dog trying to tell me? The automatic recognition of the context and perceived emotion of dog barks},
	author={Hantke, Simone and Cummins, Nicholas and Schuller, Bjorn},
	booktitle={2018 IEEE International Conference on Acoustics, Speech and Signal Processing (ICASSP)},
	pages={5134--5138},
	year={2018},
	organization={IEEE}
}

@article{kong2020panns,
	title={Panns: Large-scale pretrained audio neural networks for audio pattern recognition},
	author={Kong, Qiuqiang and Cao, Yin and Iqbal, Turab and Wang, Yuxuan and Wang, Wenwu and Plumbley, Mark D},
	journal={IEEE/ACM Transactions on Audio, Speech, and Language Processing},
	volume={28},
	pages={2880--2894},
	year={2020},
	publisher={IEEE}
}

@article{liu2023separate,
	title={Separate anything you describe},
	author={Liu, Xubo and Kong, Qiuqiang and Zhao, Yan and Liu, Haohe and Yuan, Yi and Liu, Yuzhuo and Xia, Rui and Wang, Yuxuan and Plumbley, Mark D and Wang, Wenwu},
	journal={arXiv preprint arXiv:2308.05037},
	year={2023}
}

@article{hsu2021hubert,
	title={Hubert: Self-supervised speech representation learning by masked prediction of hidden units},
	author={Hsu, Wei-Ning and Bolte, Benjamin and Tsai, Yao-Hung Hubert and Lakhotia, Kushal and Salakhutdinov, Ruslan and Mohamed, Abdelrahman},
	journal={IEEE/ACM transactions on audio, speech, and language processing},
	volume={29},
	pages={3451--3460},
	year={2021},
	publisher={IEEE}
}

@article{ficken1994chick,
	title={The chick-a-dee call system of the Mexican chickadee},
	author={Ficken, Millicent Sigler and Hailman, Elizabeth D and Hailman, Jack P},
	journal={The Condor},
	volume={96},
	number={1},
	pages={70--82},
	year={1994},
	publisher={Oxford University Press}
}

@article{holland2000coding,
	title={Coding in the song of the wren: importance of rhythmicity, syntax and element structure},
	author={Holland, Jo and Dabelsteen, Torben and Paris, Angela L{\'o}pez},
	journal={Animal Behaviour},
	volume={60},
	number={4},
	pages={463--470},
	year={2000},
	publisher={Elsevier}
}

@article{janik2000whistle,
	title={Whistle matching in wild bottlenose dolphins (Tursiops truncatus)},
	author={Janik, Vincent M},
	journal={Science},
	volume={289},
	number={5483},
	pages={1355--1357},
	year={2000},
	publisher={American Association for the Advancement of Science}
}

@article{gil2000song,
	title={Song organisation and singing patterns of the willow warbler, Phylloscopus trochilus},
	author={Gil, Diego and Slater, Peter JB},
	journal={Behaviour},
	pages={759--782},
	year={2000},
	publisher={JSTOR}
}

@article{leroux2023call,
	title={Call combinations and compositional processing in wild chimpanzees},
	author={Leroux, Ma{\"e}l and Schel, Anne M and Wilke, Claudia and Chandia, Bosco and Zuberb{\"u}hler, Klaus and Slocombe, Katie E and Townsend, Simon W},
	journal={Nature Communications},
	volume={14},
	number={1},
	pages={2225},
	year={2023},
	publisher={Nature Publishing Group UK London}
}

@article{mercado2012understanding,
	title={Understanding the structure of humpback whale songs (L)},
	author={Mercado, Eduardo and Handel, Stephen},
	journal={The Journal of the Acoustical Society of America},
	volume={132},
	number={5},
	pages={2947--2950},
	year={2012},
	publisher={AIP Publishing}
}

@article{berthet2023animal,
	title={Animal linguistics: a primer},
	author={Berthet, M{\'e}lissa and Coye, Camille and Dezecache, Guillaume and Kuhn, Jeremy},
	journal={Biological reviews},
	volume={98},
	number={1},
	pages={81--98},
	year={2023},
	publisher={Wiley Online Library}
}

@inproceedings{huang2023transcribing,
	title={Transcribing vocal communications of domestic shiba lnu dogs},
	author={Huang, Jieyi and Zhang, Chunhao and Wu, Mengyue and Zhu, Kenny},
	booktitle={Findings of the Association for Computational Linguistics: ACL 2023},
	pages={13819--13832},
	year={2023}
}

@article{sharma2024contextual,
	title={Contextual and combinatorial structure in sperm whale vocalisations},
	author={Sharma, Pratyusha and Gero, Shane and Payne, Roger and Gruber, David F and Rus, Daniela and Torralba, Antonio and Andreas, Jacob},
	journal={Nature Communications},
	volume={15},
	number={1},
	pages={3617},
	year={2024},
	publisher={Nature Publishing Group UK London}
}

@article{cartmill2023overcoming,
	title={Overcoming bias in the comparison of human language and animal communication},
	author={Cartmill, Erica A},
	journal={Proceedings of the National Academy of Sciences},
	volume={120},
	number={47},
	pages={e2218799120},
	year={2023},
	publisher={National Acad Sciences}
}

@book{meijer2019animal,
	title={Animal languages},
	author={Meijer, Eva},
	year={2020},
	publisher={MIT Press}
}

@article{favaro2020penguins,
  title={Do penguinsâ€™ vocal sequences conform to linguistic laws?},
  author={Favaro, Livio and Gamba, Marco and Cresta, Eleonora and Fumagalli, Elena and Bandoli, Francesca and Pilenga, Cristina and Isaja, Valentina and Mathevon, Nicolas and Reby, David},
  journal={Biology letters},
  volume={16},
  number={2},
  pages={20190589},
  year={2020},
  publisher={The Royal Society}
}

@article{kershenbaum2014animal,
  title={Animal vocal sequences: not the Markov chains we thought they were},
  author={Kershenbaum, Arik and Bowles, Ann E and Freeberg, Todd M and Jin, Dezhe Z and Lameira, Adriano R and Bohn, Kirsten},
  journal={Proceedings of the Royal Society B: Biological Sciences},
  volume={281},
  number={1792},
  pages={20141370},
  year={2014},
  publisher={The Royal Society}
}

@book{hayes2011intro,
  title={Introductory phonology},
  author={Hayes, Bruce},
  year={2011},
  publisher={John Wiley \& Sons}
}

@article{kempton2014discovering,
  title={Discovering the phoneme inventory of an unwritten language: A machine-assisted approach},
  author={Kempton, Timothy and Moore, Roger K},
  journal={Speech Communication},
  volume={56},
  pages={152--166},
  year={2014},
  publisher={Elsevier}
}

@article{suzuki2021animal,
  title={Animal linguistics: exploring referentiality and compositionality in bird calls},
  author={Suzuki, Toshitaka N},
  journal={Ecological Research},
  volume={36},
  number={2},
  pages={221--231},
  year={2021},
  publisher={Wiley Online Library}
}


@article{girard2022chimpanzees,
  title={Chimpanzees produce diverse vocal sequences with ordered and recombinatorial properties},
  author={Girard-Buttoz, C{\'e}dric and Zaccarella, Emiliano and Bortolato, Tatiana and Friederici, Angela D and Wittig, Roman M and Crockford, Catherine},
  journal={Communications Biology},
  volume={5},
  number={1},
  pages={410},
  year={2022},
  publisher={Nature Publishing Group UK London}
}


@article{janik2013identifying,
  title={Identifying signature whistles from recordings of groups of unrestrained bottlenose dolphins (Tursiops truncatus)},
  author={Janik, Vincent M and King, Stephanie L and Sayigh, Laela S and Wells, Randall S},
  journal={Marine Mammal Science},
  volume={29},
  number={1},
  pages={109--122},
  year={2013},
  publisher={Wiley Online Library}
}


@article{prat2016everyday,
  title={Everyday bat vocalizations contain information about emitter, addressee, context, and behavior},
  author={Prat, Yosef and Taub, Mor and Yovel, Yossi},
  journal={Scientific Reports},
  volume={6},
  number={1},
  pages={1--10},
  year={2016},
  publisher={Nature Publishing Group}
}