@inproceedings{miyao2013university,
  title={University Entrance Examinations as a Benchmark Resource for NLP-based Problem Solving.},
  author={Miyao, Yusuke and Kawazoe, Ai},
  booktitle={IJCNLP},
  pages={1357--1365},
  year={2013}
}

@inproceedings{iyyer2014neural,
  title={A Neural Network for Factoid Question Answering over Paragraphs.},
  author={Iyyer, Mohit and Boyd-Graber, Jordan L and Claudino, Leonardo Max Batista and Socher, Richard and Daum{\'e} III, Hal},
  booktitle={EMNLP},
  pages={633--644},
  year={2014}
}

@inproceedings{angele2003ontology,
  title={Ontology-based query and answering in chemistry: Ontonova project halo},
  author={Angele, J{\"u}rgen and M{\"o}nch, Eddie and Oppermann, Henrik and Staab, Steffen and Wenke, Dirk},
  booktitle={ISWC},
  pages={913--928},
  year={2003},
}

@inproceedings{jeon2006framework,
	title={A framework to predict the quality of answers with non-textual features},
	author={Jeon, Jiwoon and Croft, W Bruce and Lee, Joon Ho and Park, Soyeon},
	booktitle={SIGIR},
	pages={228--235},
	year={2006},
}

@inproceedings{agichtein2008finding,
	title={Finding high-quality content in social media},
	author={Agichtein, Eugene and Castillo, Carlos and Donato, Debora and Gionis, Aristides and Mishne, Gilad},
	booktitle={WSDM},
	pages={183--194},
	year={2008},
}

@inproceedings{bian2009learning,
	title={Learning to recognize reliable users and content in social media with coupled mutual reinforcement},
	author={Bian, Jiang and Liu, Yandong and Zhou, Ding and Agichtein, Eugene and Zha, Hongyuan},
	booktitle={WWW},
	pages={51--60},
	year={2009},
}

@article{liu2015predicting,
	title={Predicting the quality of user-generated answers using co-training in community-based question answering portals},
	author={Liu, Bingquan and Feng, Jian and Liu, Ming and Hu, Haifeng and Wang, Xiaolong},
	journal={PRL},
	volume={58},
	pages={29--34},
	year={2015},
}

@inproceedings{jurczyk2007discovering,
	title={Discovering authorities in question answer communities by using link analysis},
	author={Jurczyk, Pawel and Agichtein, Eugene},
	booktitle={CIKM},
	pages={919--922},
	year={2007},
}

@article{page1999pagerank,
	title={The PageRank citation ranking: bringing order to the web.},
	author={Page, Lawrence and Brin, Sergey and Motwani, Rajeev and Winograd, Terry},
	year={1999},
}

@article{kleinberg1999authoritative,
	title={Authoritative sources in a hyperlinked environment},
	author={Kleinberg, Jon M},
	journal={JACM},
	volume={46},
	number={5},
	pages={604--632},
	year={1999},
}

@inproceedings{shah2010evaluating,
	title={Evaluating and predicting answer quality in community QA},
	author={Shah, Chirag and Pomerantz, Jefferey},
	booktitle={SIGIR},
	pages={411--418},
	year={2010},
}

@inproceedings{wang2010modeling,
	title={Modeling semantic relevance for question-answer pairs in web social communities},
	author={Wang, Baoxun and Wang, Xiaolong and Sun, Chengjie and Liu, Bingquan and Sun, Lin},
	booktitle={ACL},
	pages={1230--1238},
	year={2010},
}

@article{toba2014discovering,
	title={Discovering high quality answers in community question answering archives using a hierarchy of classifiers},
	author={Toba, Hapnes and Ming, Zhao-Yan and Adriani, Mirna and Chua, Tat-Seng},
	journal={Information Sciences},
	volume={261},
	pages={101--115},
	year={2014},
}


@inproceedings{ganitkevitch2013ppdb,
  title={PPDB: The Paraphrase Database.},
  author={Ganitkevitch, Juri and Van Durme, Benjamin and Callison-Burch, Chris},
  booktitle={HLT-NAACL},
  pages={758--764},
  year={2013}
}


@inproceedings{automatically-constructing-a-corpus-of-sentential-paraphrases,
author = {Bill Dolan, Chris Brockett},
title = {Automatically Constructing a Corpus of Sentential Paraphrases},
booktitle = {IWP2005},
year = {2005},
month = {January},
url = {https://www.microsoft.com/en-us/research/publication/automatically-constructing-a-corpus-of-sentential-paraphrases/},
address = {},
pages = {},
journal = {},
volume = {},
chapter = {},
isbn = {},
}


@inproceedings{ma2006framework,
	title={A framework for a context-aware question answering system of the math forum digital library},
	author={Ma, Shanshan and Song, Il-Yeol},
	booktitle={IRMA},
	volume={1},
	pages={200},
	year={2006},
}

@article{abdi2016qapd,
	title={QAPD: an ontology-based question answering system in the physics domain},
	author={Abdi, Asad and Idris, Norisma and Ahmad, Zahrah},
	journal={Soft Computing},
	pages={1--18},
	year={2016},
}

@inproceedings{ferres2006experiments,
	title={Experiments adapting an open-domain question answering system to the geographical domain using scope-based resources},
	author={Ferr{\'e}s, Daniel and Rodr{\'\i}guez, Horacio},
	booktitle={Proceedings of the Workshop on Multilingual Question Answering},
	pages={69--76},
	year={2006},
	organization={Association for Computational Linguistics}
}


@inproceedings{yao2015lean,
  title={Lean question answering over freebase from scratch},
  author={Yao, Xuchen},
  booktitle={ACL},
  pages={66--70},
  year={2015}
}

@article{xiang2015ersom,
  title={ERSOM: A Structural Ontology Matching Approach Using Automatically Learned Entity Representation},
  author={Xiang, Chuncheng and Jiang, Tingsong and Chang, Baobao and Sui, Zhifang},
  year={2015},
  booktitle={EMNLP},
  pages={2419--2429}
}

@article{toutanova2015representing,
  title={Representing text for joint embedding of text and knowledge bases},
  author={Toutanova, Kristina and Chen, Danqi and Pantel, Patrick and Choudhury, Pallavi and Gamon, Michael},
  journal={ACL},
  year={2015},
  publisher={Citeseer}
}

@article{xu2016enhancing,
  title={Enhancing Freebase Question Answering Using Textual Evidence},
  author={Xu, Kun and Feng, Yansong and Reddy, Siva and Huang, Songfang and Zhao, Dongyan},
  journal={arXiv preprint arXiv:1603.00957},
  year={2016}
}

@inproceedings{bast2015more,
  title={More accurate question answering on Freebase},
  author={Bast, Hannah and Haussmann, Elmar},
  booktitle={CIKM},
  pages={1431--1440},
  year={2015},
  organization={ACM}
}

@article{reddy2016transforming,
  title={Transforming Dependency Structures to Logical Forms for Semantic Parsing},
  author={Reddy, Siva and T{\"a}ckstr{\"o}m, Oscar and Collins, Michael and Kwiatkowski, Tom and Das, Dipanjan and Steedman, Mark and Lapata, Mirella},
  journal={ACL},
  volume={4},
  pages={127--140},
  year={2016}
}

@article{berant2015imitation,
  title={Imitation learning of agenda-based semantic parsers},
  author={Berant, Jonathan and Liang, Percy},
  journal={ACL},
  volume={3},
  pages={545--558},
  year={2015}
}

@inproceedings{bunescu2006using,
  title={Using Encyclopedic Knowledge for Named entity Disambiguation.},
    author={Bunescu, Razvan C and Pasca, Marius},
	  booktitle={EACL},
	    volume={6},
		  pages={9--16},
		    year={2006}
			}


@inproceedings{cucerzan2007large,
  title={Large-Scale Named Entity Disambiguation Based on Wikipedia Data.},
    author={Cucerzan, Silviu},
	  booktitle={EMNLP-CoNLL},
	    volume={7},
		  pages={708--716},
		    year={2007}
			}

@inproceedings{zuo2014bel,
  title={BEL: Bagging for Entity Linking.},
    author={Zuo, Zhe and Kasneci, Gjergji and Gruetze, Toni and Naumann, Felix},
	  booktitle={COLING},
	    pages={2075--2086},
		  year={2014}
		  }


@misc{gabrilovich2013facc1,
	title = {FACC1: Freebase annotation of ClueWeb corpora, Version 1},
	author = {Gabrilovich, Evgeniy and Ringgaard, Michael and Subramanya, Amarnag},
	howpublished = {http://lemurproject.org/clueweb12/},
	edition = {June 26, 2013},
	year = {2013}
}

@misc{freebase:datadumps,
  title = {Freebase Data Dumps},
  author = {Google},
  howpublished = {https://developers.google.com/freebase/data},
  edition = {June 15, 2015},
  year = {2015}
}

@inproceedings{riedmiller1993direct,
  title={A direct adaptive method for faster backpropagation learning: The RPROP algorithm},
  author={Riedmiller, Martin and Braun, Heinrich},
  booktitle={ICNN},
  pages={586--591},
  year={1993},
}

@inproceedings{cai2013large,
  title={Large-scale Semantic Parsing via Schema Matching and Lexicon Extension.},
  author={Cai, Qingqing and Yates, Alexander},
  booktitle={ACL},
  pages={423--433},
  year={2013}
}

@inproceedings{krishnamurthy2012weakly,
  title={Weakly supervised training of semantic parsers},
  author={Krishnamurthy, Jayant and Mitchell, Tom M},
  booktitle={EMNLP},
  pages={754--765},
  year={2012},
}


@inproceedings{yahya2012natural,
  title={Natural language questions for the web of data},
  author={Yahya, Mohamed and Berberich, Klaus and Elbassuoni, Shady and Ramanath, Maya and Tresp, Volker and Weikum, Gerhard},
  booktitle={EMNLP-CoNLL},
  pages={379--390},
  year={2012}
}

@book{Aho:72,
    author  = {Alfred V. Aho and Jeffrey D. Ullman},
    title   = {The Theory of Parsing, Translation and Compiling},
    year    = "1972",
    volume  = "1",
    publisher = {Prentice-Hall},
    address = {Englewood Cliffs, NJ}
}


@book{APA:83,
    author  = {{American Psychological Association}},
    title   = {Publications Manual},
    year    = "1983",
   publisher = {American Psychological Association},
   address = {Washington, DC}
}

@incollection{ACM:83,
	author = {Association for Computing Machinery},
	year = "1983",
	booktitle = {Computing Reviews},
	volume = "24",
	number = "11",
	pages = "503--512"
}

@article{Chandra:81,
	author = {Ashok K. Chandra and Dexter C. Kozen and Larry J. Stockmeyer},
	year = "1981",
	title = {Alternation},
	journal = {JACM},
	volume = "28",
	number = "1",
	pages = "114--133"
}


@book{Gusfield:97,
    author  = {Dan Gusfield},
    title   = {Algorithms on Strings, Trees and Sequences},
    year    = "1997",
    publisher = {Cambridge University Press},
    address = {Cambridge, UK}
}

@inproceedings{ney1992improvements,
  title={Improvements in beam search for 10000-word continuous speech recognition},
  author={Ney, Hermann and Haeb-Umbach, Reinhold and Tran, B-H and Oerder, Martin},
  booktitle={ICASSP-92},
  volume={1},
  pages={9--12},
  year={1992},
}

@inproceedings{harabagiu2006methods,
  title={Methods for using textual entailment in open-domain question answering},
  author={Harabagiu, Sanda and Hickl, Andrew},
  booktitle={ACL},
  pages={905--912},
  year={2006},
}

@inproceedings{romano2006investigating,
  title={Investigating a Generic Paraphrase-Based Approach for Relation Extraction.},
  author={Romano, Lorenza and Kouylekov, Milen and Szpektor, Idan and Dagan, Ido and Lavelli, Alberto},
  booktitle={EACL},
  year={2006}
}

@inproceedings{berant2014semantic,
  title={Semantic parsing via paraphrasing},
  author={Berant, Jonathan and Liang, Percy},
  booktitle={ACL},
  pages={92},
  year={2014}
}

@inproceedings{yih2015semantic,
  title={Semantic parsing via staged query graph generation: Question answering with knowledge base},
  author={Yih, Wen-tau and Chang, Ming-Wei and He, Xiaodong and Gao, Jianfeng},
  booktitle={ACL},
  year={2015}
}

@inproceedings{zou2014natural,
  title={Natural language question answering over RDF: a graph data driven approach},
  author={Zou, Lei and Huang, Ruizhe and Wang, Haixun and Yu, Jeffer Xu and He, Wenqiang and Zhao, Dongyan},
  booktitle={SIGMOD},
  pages={313--324},
  year={2014},
  organization={ACM}
}

@inproceedings{bordes2014question,
  title={Question answering with subgraph embeddings},
  author={Bordes, Antoine and Chopra, Sumit and Weston, Jason},
  booktitle={EMNLP},
  year={2014}
}

@inproceedings{fader2013paraphrase,
  title={Paraphrase-Driven Learning for Open Question Answering.},
  author={Fader, Anthony and Zettlemoyer, Luke S and Etzioni, Oren},
  booktitle={ACL},
  pages={1608--1618},
  year={2013},
}

@inproceedings{zhang2012ontological,
  title={Ontological Smoothing for Relation Extraction with Minimal Supervision.},
  author={Zhang, Congle and Hoffmann, Raphael and Weld, Daniel S},
  booktitle={AAAI},
  year={2012}
}

@inproceedings{lao2011random,
  title={Random walk inference and learning in a large scale knowledge base},
  author={Lao, Ni and Mitchell, Tom and Cohen, William W},
  booktitle={EMNLP},
  pages={529--539},
  year={2011},
}

@inproceedings{carlson2010toward,
  title={Toward an Architecture for Never-Ending Language Learning.},
  author={Carlson, Andrew and Betteridge, Justin and Kisiel, Bryan and Settles, Burr and Hruschka Jr, Estevam R and Mitchell, Tom M},
  booktitle={AAAI},
  volume={5},
  pages={3},
  year={2010}
}

@article{reddy2014large,
  title={Large-scale semantic parsing without question-answer pairs},
  author={Reddy, Siva and Lapata, Mirella and Steedman, Mark},
  journal={TACL},
  volume={2},
  pages={377--392},
  year={2014}
}

@inproceedings{liang2011learning,
  title={Learning dependency-based compositional semantics},
  author={Liang, Percy and Jordan, Michael I and Klein, Dan},
  booktitle={ACL},
  pages={590--599},
  year={2011},
}

@inproceedings{berant2013semantic,
  title={Semantic Parsing on Freebase from Question-Answer Pairs.},
  author={Berant, Jonathan and Chou, Andrew and Frostig, Roy and Liang, Percy},
  booktitle={EMNLP},
  pages={1533--1544},
  year={2013}
}


@inproceedings{kwiatkowski2010inducing,
  title={Inducing probabilistic CCG grammars from logical form with higher-order unification},
  author={Kwiatkowski, Tom and Zettlemoyer, Luke and Goldwater, Sharon and Steedman, Mark},
  booktitle={EMNLP},
  pages={1223--1233},
  year={2010},
}

@inproceedings{kwiatkowski2013scaling,
  title={Scaling semantic parsers with on-the-fly ontology matching},
  author={Kwiatkowski, Tom and Choi, Eunsol and Artzi, Yoav and Zettlemoyer, Luke S},
  booktitle={ACL},
  year={2013}
}

@incollection{an2006discovering,
  title={Discovering the semantics of relational tables through mappings},
  author={An, Yuan and Borgida, Alex and Mylopoulos, John},
  booktitle={Journal on Data Semantics VII},
  pages={1--32},
  year={2006},
  publisher={Springer}
}

@inproceedings{gardner2015efficient,
  title={Efficient and expressive knowledge base completion using subgraph feature extraction},
  author={Gardner, Matt and Mitchell, Tom},
  booktitle={EMNLP},
  pages={1488--1498},
  year={2015}
}

@article{gardner2014incorporating,
  title={Incorporating vector space similarity in random walk inference over knowledge bases},
  author={Gardner, Matt and Talukdar, Partha Pratim and Krishnamurthy, Jayant and Mitchell, Tom},
  booktitle={EMNLP},
  year={2014}
}

@book{grunwald2007minimum,
  title={The minimum description length principle},
  author={Gr{\"u}nwald, Peter D},
  year={2007},
}

@inproceedings{fisher2008dirt,
  title={From dirt to shovels: fully automatic tool generation from ad hoc data},
  author={Fisher, Kathleen and Walker, David and Zhu, Kenny Q and White, Peter},
  booktitle={ACM SIGPLAN Notices},
  volume={43},
  number={1},
  pages={421--434},
  year={2008},
}

@book{auer2007dbpedia,
  title={Dbpedia: A nucleus for a web of open data},
  author={Auer, S{\"o}ren and Bizer, Christian and Kobilarov, Georgi and Lehmann, Jens and Cyganiak, Richard and Ives, Zachary},
  year={2007},
}

@inproceedings{bollacker2008freebase,
  title={Freebase: a collaboratively created graph database for structuring human knowledge},
  author={Bollacker, Kurt and Evans, Colin and Paritosh, Praveen and Sturge, Tim and Taylor, Jamie},
  booktitle={Proceedings of the 2008 ACM SIGMOD international conference on Management of data},
  pages={1247--1250},
  year={2008},
}

@inproceedings{suchanek2007yago,
  title={Yago: a core of semantic knowledge},
  author={Suchanek, Fabian M and Kasneci, Gjergji and Weikum, Gerhard},
  booktitle={WWW},
  pages={697--706},
  year={2007},
}

@inproceedings{yao2014information,
  title={Information extraction over structured data: Question answering with freebase},
  author={Yao, Xuchen and Van Durme, Benjamin},
  booktitle={Proceedings of ACL},
  year={2014}
}

@article{lao2010relational,
  title={Relational retrieval using a combination of path-constrained random walks},
  author={Lao, Ni and Cohen, William W},
  journal={Machine learning},
  volume={81},
  number={1},
  pages={53--67},
  year={2010},
}

@inproceedings{fader2011identifying,
  title={Identifying relations for open information extraction},
  author={Fader, Anthony and Soderland, Stephen and Etzioni, Oren},
  booktitle={EMNLP},
  pages={1535--1545},
  year={2011},
}

@inproceedings{nakashole2012patty,
  title={PATTY: a taxonomy of relational patterns with semantic types},
  author={Nakashole, Ndapandula and Weikum, Gerhard and Suchanek, Fabian},
  booktitle={EMNLP-CoNLL},
  pages={1135--1145},
  year={2012},
}

@inproceedings{zhang2013automatically,
  title={Automatically synthesizing sql queries from input-output examples},
  author={Zhang, Sai and Sun, Yuyin},
  booktitle={ASE},
  pages={224--234},
  year={2013},
}

@article{cheung2012inferring,
  title={Inferring SQL queries using program synthesis},
  author={Cheung, Alvin and Solar-Lezama, Armando and Madden, Samuel},
  journal={arXiv preprint arXiv:1208.2013},
  year={2012}
}

@article{niehren2013query,
  title={Query induction with schema-guided pruning strategies},
  author={Niehren, Joachim and Champav{\`e}re, J{\'e}r{\^o}me and Lemay, Aur{\'e}lien and Gilleron, R{\'e}mi},
  journal={The Journal of Machine Learning Research},
  volume={14},
  number={1},
  pages={927--964},
  year={2013},
}

@inproceedings{haveliwala2002topic,
  title={Topic-sensitive pagerank},
  author={Haveliwala, Taher H},
  booktitle={Proceedings of the 11th international conference on World Wide Web},
  pages={517--526},
  year={2002},
}

@article{cheung2013optimizing,
  title={Optimizing database-backed applications with query synthesis},
  author={Cheung, Alvin and Solar-Lezama, Armando and Madden, Samuel},
  journal={ACM SIGPLAN Notices},
  volume={48},
  number={6},
  pages={3--14},
  year={2013},
}

@inproceedings{das2010synthesizing,
  title={Synthesizing view definitions from data},
  author={Das Sarma, Anish and Parameswaran, Aditya and Garcia-Molina, Hector and Widom, Jennifer},
  booktitle={Proceedings of the 13th International Conference on Database Theory},
  pages={89--103},
  year={2010},
}

@article{richardson2006markov,
  title={Markov logic networks},
  author={Richardson, Matthew and Domingos, Pedro},
  journal={Machine learning},
  volume={62},
  number={1-2},
  pages={107--136},
  year={2006},
}
