@inproceedings{hao2017end,
	title={An End-to-End Model for Question Answering over Knowledge Base with Cross-Attention Combining Global Knowledge},
	author={Hao, Yanchao and Zhang, Yuanzhe and Liu, Kang and He, Shizhu and Liu, Zhanyi and Wu, Hua and Zhao, Jun},
	booktitle={Proceedings of the 55th Annual Meeting of the Association for Computational Linguistics (Volume 1: Long Papers)},
	volume={1},
	pages={221--231},
	year={2017}
}

@article{yin2015abcnn,
	title={Abcnn: Attention-based convolutional neural network for modeling sentence pairs},
	author={Yin, Wenpeng and Sch{\"u}tze, Hinrich and Xiang, Bing and Zhou, Bowen},
	journal={arXiv preprint arXiv:1512.05193},
	year={2015}
}

@article{luong2015effective,
	title={Effective approaches to attention-based neural machine translation},
	author={Luong, Minh-Thang and Pham, Hieu and Manning, Christopher D},
	journal={arXiv preprint arXiv:1508.04025},
	year={2015}
}

@article{bahdanau2014neural,
	title={Neural machine translation by jointly learning to align and translate},
	author={Bahdanau, Dzmitry and Cho, Kyunghyun and Bengio, Yoshua},
	journal={arXiv preprint arXiv:1409.0473},
	year={2014}
}

@inproceedings{bollacker2008freebase,
  title={Freebase: a collaboratively created graph database for structuring human knowledge},
  author={Bollacker, Kurt and Evans, Colin and Paritosh, Praveen and Sturge, Tim and Taylor, Jamie},
  booktitle={Proceedings of the 2008 ACM SIGMOD},
  pages={1247--1250},
  year={2008},
  organization={AcM}
}
@article{andreas2016learning,
  title={Learning to compose neural networks for question answering},
  author={Andreas, Jacob and Rohrbach, Marcus and Darrell, Trevor and Klein, Dan},
  journal={arXiv preprint arXiv:1601.01705},
  year={2016}
}
@article{bordes2015large,
  title={Large-scale simple question answering with memory networks},
  author={Bordes, Antoine and Usunier, Nicolas and Chopra, Sumit and Weston, Jason},
  journal={arXiv preprint arXiv:1506.02075},
  year={2015}
}
@inproceedings{bordes2013translating,
  title={Translating embeddings for modeling multi-relational data},
  author={Bordes, Antoine and Usunier, Nicolas and Garcia-Duran, Alberto and Weston, Jason and Yakhnenko, Oksana},
  booktitle={Advances in neural information processing systems},
  pages={2787--2795},
  year={2013}
}
@inproceedings{gardner2017open,
  title={Open-Vocabulary Semantic Parsing with both Distributional Statistics and Formal Knowledge.},
  author={Gardner, Matt and Krishnamurthy, Jayant},
  booktitle={AAAI},
  pages={3195--3201},
  year={2017}
}
@article{golub2016character,
  title={Character-level question answering with attention},
  author={Golub, David and He, Xiaodong},
  journal={arXiv preprint arXiv:1604.00727},
  year={2016}
}
@inproceedings{wang2014knowledge,
  title={Knowledge Graph Embedding by Translating on Hyperplanes.},
  author={Wang, Zhen and Zhang, Jianwen and Feng, Jianlin and Chen, Zheng},
  booktitle={AAAI},
  pages={1112--1119},
  year={2014}
}
@article{yu2017improved,
  title={Improved Neural Relation Detection for Knowledge Base Question Answering},
  author={Yu, Mo and Yin, Wenpeng and Hasan, Kazi Saidul and Santos, Cicero dos and Xiang, Bing and Zhou, Bowen},
  journal={arXiv preprint arXiv:1704.06194},
  year={2017}
}
@article{xu2016question,
  title={Question answering on freebase via relation extraction and textual evidence},
  author={Xu, Kun and Reddy, Siva and Feng, Yansong and Huang, Songfang and Zhao, Dongyan},
  journal={arXiv preprint arXiv:1603.00957},
  year={2016}
}
@article{yih2015semantic,
  title={Semantic parsing via staged query graph generation: Question answering with knowledge base},
  author={Yih, Scott Wen-tau and Chang, Ming-Wei and He, Xiaodong and Gao, Jianfeng},
  year={2015}
}
@inproceedings{bao2016constraint,
  title={Constraint-Based Question Answering with Knowledge Graph.},
  author={Bao, Jun-Wei and Duan, Nan and Yan, Zhao and Zhou, Ming and Zhao, Tiejun},
  booktitle={COLING},
  pages={2503--2514},
  year={2016}
}
@inproceedings{lin2015learning,
  title={Learning Entity and Relation Embeddings for Knowledge Graph Completion.},
  author={Lin, Yankai and Liu, Zhiyuan and Sun, Maosong and Liu, Yang and Zhu, Xuan},
  booktitle={AAAI},
  pages={2181--2187},
  year={2015}
}
@article{yih2014semantic,
  title={Semantic parsing for single-relation question answering},
  author={Yih, Scott Wen-tau and He, Xiaodong and Meek, Chris},
  year={2014}
}


@inproceedings{wang2016inner,
  title={Inner Attention based Recurrent Neural Networks for Answer Selection.},
  author={Wang, Bingning and Liu, Kang and Zhao, Jun},
  booktitle={ACL (1)},
  year={2016}
}

@inproceedings{yao2014information,
  title={Information Extraction over Structured Data: Question Answering with Freebase.},
  author={Yao, Xuchen and Van Durme, Benjamin},
  booktitle={ACL (1)},
  pages={956--966},
  year={2014}
}

@inproceedings{clark2016combining,
  title={Combining Retrieval, Statistics, and Inference to Answer Elementary Science Questions.},
  author={Clark, Peter and Etzioni, Oren and Khot, Tushar and Sabharwal, Ashish and Tafjord, Oyvind and Turney, Peter D and Khashabi, Daniel},
  booktitle={AAAI},
  pages={2580--2586},
  year={2016}
}

@inproceedings{dong2015question,
  title={Question Answering over Freebase with Multi-Column Convolutional Neural Networks.},
  author={Dong, Li and Wei, Furu and Zhou, Ming and Xu, Ke},
  booktitle={ACL (1)},
  pages={260--269},
  year={2015}
}+
@article{yin2017type,
  title={Type-Aware Question Answering over Knowledge Base with Attention-Based Tree-Structured Neural Networks},
  author={Yin, Jun and Zhao, Wayne Xin and Li, Xiao-Ming},
  journal={Journal of Computer Science and Technology},
  volume={32},
  number={4},
  pages={805--813},
  year={2017},
  publisher={Springer}
}
