@inproceedings{hua2015short,
  title={Short text understanding through lexical-semantic analysis},
  author={Hua, Wen and Wang, Zhongyuan and Wang, Haixun and Zheng, Kai and Zhou, Xiaofang},
  booktitle={2015 IEEE 31st International Conference on Data Engineering},
  pages={495--506},
  year={2015},
  organization={IEEE}
}

@inproceedings{wang2015query,
	title={Query understanding through knowledge-based conceptualization},
	author={Wang, Zhongyuan and Zhao, Kejun and Wang, Haixun and Meng, Xiaofeng and Wen, Ji-Rong},
	booktitle={Twenty-Fourth International Joint Conference on Artificial Intelligence},
	year={2015}
}

@inproceedings{wang2017combining,
	title={Combining Knowledge with Deep Convolutional Neural Networks for Short Text Classification.},
	author={Wang, Jin and Wang, Zhongyuan and Zhang, Dawei and Yan, Jun},
	booktitle={IJCAI},
	pages={2915--2921},
	year={2017}
}

@inproceedings{chen2019deep,
	author    = {Jindong Chen and
	Yizhou Hu and
	Jingping Liu and
	Yanghua Xiao and
	Haiyun Jiang},
	title     = {Deep Short Text Classification with Knowledge Powered Attention},
	booktitle = {The Thirty-Third {AAAI} Conference on Artificial Intelligence},
	pages     = {6252--6259},
	year      = {2019}
}

@inproceedings{lucia2014egocentric,
	title={Egocentric: Ego networks for knowledge-based short text classification},
	author={Lucia, William and Ferrari, Elena},
	booktitle={Proceedings of the 23rd ACM International Conference on Conference on Information and Knowledge Management},
	pages={1079--1088},
	year={2014},
	organization={ACM}
}

@inproceedings{dai2006detecting,
	title={Detecting online commercial intention (OCI)},
	author={Dai, Honghua Kathy and Zhao, Lingzhi and Nie, Zaiqing and Wen, Ji-Rong and Wang, Lee and Li, Ying},
	booktitle={Proceedings of the 15th international conference on World Wide Web},
	pages={829--837},
	year={2006},
	organization={ACM}
}

@article{shen2006query,
	title={Query enrichment for web-query classification},
	author={Shen, Dou and Pan, Rong and Sun, Jian-Tao and Pan, Jeffrey Junfeng and Wu, Kangheng and Yin, Jie and Yang, Qiang},
	journal={ACM Transactions on Information Systems (TOIS)},
	volume={24},
	number={3},
	pages={320--352},
	year={2006},
	publisher={ACM}
}

@inproceedings{sun2012short,
	title={Short text classification using very few words},
	author={Sun, Aixin},
	booktitle={Proceedings of the 35th international ACM SIGIR conference on Research and development in information retrieval},
	pages={1145--1146},
	year={2012},
	organization={ACM}
}

@inproceedings{zeng2018topic,
	title={Topic memory networks for short text classification},
	author={Zeng, Jichuan and Li, Jing and Song, Yan and Gao, Cuiyun and Lyu, Michael R and King, Irwin},
	booktitle = {Proceedings of the 2018 Conference on EMNLP},
	pages     = {3120--3131},
	year={2018}
}

@inproceedings{li2019classifying,
	title={Classifying Extremely Short Texts by Exploiting Semantic Centroids in Word Mover's Distance Space},
	author={Li, Changchun and Ouyang, Jihong and Li, Ximing},
	booktitle={The World Wide Web Conference},
	pages={939--949},
	year={2019},
	organization={ACM}
}

@inproceedings{wu2012probase,
	title={Probase: A probabilistic taxonomy for text understanding},
	author={Wu, Wentao and Li, Hongsong and Wang, Haixun and Zhu, Kenny Q},
	booktitle={Proceedings of the 2012 ACM SIGMOD International Conference on Management of Data},
	pages={481--492},
	year={2012},
	organization={ACM}
}

@inproceedings{suchanek2007yago,
	title={Yago: a core of semantic knowledge},
	author={Suchanek, Fabian M and Kasneci, Gjergji and Weikum, Gerhard},
	booktitle={Proceedings of the 16th international conference on World Wide Web},
	pages={697--706},
	year={2007},
	organization={ACM}
}

@inproceedings{kusner2015word,
	title={From word embeddings to document distances},
	author={Kusner, Matt and Sun, Yu and Kolkin, Nicholas and Weinberger, Kilian},
	booktitle={International conference on machine learning},
	pages={957--966},
	year={2015}
}


@inproceedings{he2016extracting,
	title={Extracting topical phrases from clinical documents},
	author={He, Yulan},
	booktitle={Thirtieth AAAI Conference on Artificial Intelligence},
	year={2016}
}

@inproceedings{pang2005seeing,
	title={Seeing stars: Exploiting class relationships for sentiment categorization with respect to rating scales},
	author={Pang, Bo and Lee, Lillian},
	booktitle={Proceedings of the 43rd annual meeting on ACL},
	pages={115--124},
	year={2005},
	organization={Association for Computational Linguistics}
}

@inproceedings{vitale2012classification,
	title={Classification of short texts by deploying topical annotations},
	author={Vitale, Daniele and Ferragina, Paolo and Scaiella, Ugo},
	booktitle={European Conference on Information Retrieval},
	pages={376--387},
	year={2012},
	organization={Springer}
}

@inproceedings{he2018dureader,
	title={DuReader: a Chinese Machine Reading Comprehension Dataset from Real-world Applications},
	author={He, Wei and Liu, Kai and Liu, Jing and Lyu, Yajuan and Zhao, Shiqi and Xiao, Xinyan and Liu, Yuan and Wang, Yizhong and Wu, Hua and She, Qiaoqiao and others},
	booktitle = {Proceedings of the Workshop on Machine Reading for Question Answering@ACL
	2018},
	pages     = {37--46},
	pages={37},
	year={2018}
}

@article{liu2011users,
	title={How do users describe their information need: Query recommendation based on snippet click model},
	author={Liu, Yiqun and Miao, Junwei and Zhang, Min and Ma, Shaoping and Ru, Liyun},
	journal={Expert Systems with Applications},
	volume={38},
	number={11},
	pages={13847--13856},
	year={2011},
	publisher={Elsevier}
}

@inproceedings{pass2006picture,
	title={A picture of search.},
	author={Pass, Greg and Chowdhury, Abdur and Torgeson, Cayley},
	booktitle={InfoScale},
	volume={152},
	pages={1},
	year={2006}
}

@inproceedings{roemmele2011choice,
	title={Choice of plausible alternatives: An evaluation of commonsense causal reasoning},
	author={Roemmele, Melissa and Bejan, Cosmin Adrian and Gordon, Andrew S},
	booktitle={2011 AAAI Spring Symposium Series},
	year={2011}
}

@inproceedings{zellers2018swag,
	title={SWAG: A Large-Scale Adversarial Dataset for Grounded Commonsense Inference},
	author={Zellers, Rowan and Bisk, Yonatan and Schwartz, Roy and Choi, Yejin},
	booktitle={Proceedings of the 2018 Conference on EMNLP},
	pages={93--104},
	year={2018}
}

@inproceedings{mostafazadeh2016corpus,
	title={A Corpus and Cloze Evaluation for Deeper Understanding of Commonsense Stories},
	author={Mostafazadeh, Nasrin and Chambers, Nathanael and He, Xiaodong and Parikh, Devi and Batra, Dhruv and Vanderwende, Lucy and Kohli, Pushmeet and Allen, James},
	booktitle={Proceedings of NAACL-HLT},
	pages={839--849},
	year={2016}
}

@inproceedings{ostermann2018mcscript,
	title={MCScript: A Novel Dataset for Assessing Machine Comprehension Using Script Knowledge},
	author={Ostermann, Simon and Modi, Ashutosh and Roth, Michael and Thater, Stefan and Pinkal, Manfred},
	booktitle={Proceedings of the Eleventh International Conference on Language Resources and Evaluation (LREC-2018)},
	year={2018}
}

@article{davis2016write,
	title={How to write science questions that are easy for people and hard for computers},
	author={Davis, Ernest},
	journal={AI magazine},
	volume={37},
	number={1},
	pages={13--22},
	year={2016}
}

@inproceedings{talmor2019commonsenseqa,
	title={CommonsenseQA: A Question Answering Challenge Targeting Commonsense Knowledge},
	author={Talmor, Alon and Herzig, Jonathan and Lourie, Nicholas and Berant, Jonathan},
	booktitle={Proceedings of the 2019 Conference of the NAACL-HLT},
	pages={4149--4158},
	year={2019}
}

@article{clark2018think,
	title={Think you have solved question answering? try arc, the ai2 reasoning challenge},
	author={Clark, Peter and Cowhey, Isaac and Etzioni, Oren and Khot, Tushar and Sabharwal, Ashish and Schoenick, Carissa and Tafjord, Oyvind},
	journal={arXiv preprint arXiv:1803.05457},
	year={2018}
}

@inproceedings{devlin2018bert,
	title={Bert: Pre-training of deep bidirectional transformers for language understanding},
	author    = {Jacob Devlin and
	Ming{-}Wei Chang and
	Kenton Lee and
	Kristina Toutanova},
	booktitle = {Proceedings of the 2019 Conference of the NAACL-HLT},
	pages     = {4171--4186},
	year      = {2019},
}

@article{sun2019ernie,
	title={ERNIE: Enhanced Representation through Knowledge Integration},
	author={Sun, Yu and Wang, Shuohuan and Li, Yukun and Feng, Shikun and Chen, Xuyi and Zhang, Han and Tian, Xin and Zhu, Danxiang and Tian, Hao and Wu, Hua},
	journal={arXiv preprint arXiv:1904.09223},
	year={2019}
}

@inproceedings{liu2019multi,
	author    = {Xiaodong Liu and
	Pengcheng He and
	Weizhu Chen and
	Jianfeng Gao},
	title     = {Multi-Task Deep Neural Networks for Natural Language Understanding},
	booktitle = {Proceedings of the 57th Conference of the Association for Computational
	Linguistics, {ACL} 2019},
	pages     = {4487--4496},
	year      = {2019}
}

@article{yang2019xlnet,
	title={XLNet: Generalized Autoregressive Pretraining for Language Understanding},
	author={Yang, Zhilin and Dai, Zihang and Yang, Yiming and Carbonell, Jaime and Salakhutdinov, Ruslan and Le, Quoc V},
	journal={arXiv preprint arXiv:1906.08237},
	year={2019}
}

@inproceedings{rajpurkar2016squad,
	author    = {Pranav Rajpurkar and
	Jian Zhang and
	Konstantin Lopyrev and
	Percy Liang},
	title     = {SQuAD: 100, 000+ Questions for Machine Comprehension of Text},
	booktitle = {Proceedings of the 2016 Conference on {EMNLP} 2016},
	pages     = {2383--2392},
	year      = {2016}
}

@inproceedings{lai2017race,
	author    = {Guokun Lai and
	Qizhe Xie and
	Hanxiao Liu and
	Yiming Yang and
	Eduard H. Hovy},
	title     = {{RACE:} Large-scale ReAding Comprehension Dataset From Examinations},
	booktitle = {Proceedings of the 2017 Conference on {EMNLP} 2017},
	pages     = {785--794},
	year      = {2017}
}

@article{rajpurkar2017chexnet,
	title={Chexnet: Radiologist-level pneumonia detection on chest x-rays with deep learning},
	author={Rajpurkar, Pranav and Irvin, Jeremy and Zhu, Kaylie and Yang, Brandon and Mehta, Hershel and Duan, Tony and Ding, Daisy and Bagul, Aarti and Langlotz, Curtis and Shpanskaya, Katie and others},
	journal={arXiv preprint arXiv:1711.05225},
	year={2017}
}

@inproceedings{deng2009imagenet,
	title={Imagenet: A large-scale hierarchical image database},
	author={Deng, Jia and Dong, Wei and Socher, Richard and Li, Li-Jia and Li, Kai and Fei-Fei, Li},
	booktitle={2009 IEEE conference on computer vision and pattern recognition},
	pages={248--255},
	year={2009},
	organization={Ieee}
}

@article{reddy2019coqa,
	title={Coqa: A conversational question answering challenge},
	author={Reddy, Siva and Chen, Danqi and Manning, Christopher D},
	journal={Transactions of the Association for Computational Linguistics},
	volume={7},
	pages={249--266},
	year={2019},
	publisher={MIT Press}
}

@article{habernal2017argument,
	title={The argument reasoning comprehension task: Identification and reconstruction of implicit warrants},
	author={Habernal, Ivan and Wachsmuth, Henning and Gurevych, Iryna and Stein, Benno},
	journal={arXiv preprint arXiv:1708.01425},
	year={2017}
}

@inproceedings{DBLP:journals/corr/abs-1905-07830,
	author    = {Rowan Zellers and
	Ari Holtzman and
	Yonatan Bisk and
	Ali Farhadi and
	Yejin Choi},
	title     = {HellaSwag: Can a Machine Really Finish Your Sentence?},
	booktitle = {Proceedings of the 57th Conference of the Association for Computational
	Linguistics, {ACL} 2019},
	pages     = {4791--4800},
	year      = {2019}
}