@inproceedings{Whitbeck10:Plausible,
  author    = {John Whitbeck and Marcelo Dias de Amorim and Vania Conan},
  title     = {Plausible Mobility: Inferring Movement from Contacts},
  booktitle = {ACM MobiOpp},
  year      = {2010}
}

@inproceedings{Ananth09:Startrack,
  author    = {Ganesh Ananthanarayanan and
               Maya Haridasan and
               Iqbal Mohomed and
               Doug Terry and
               Chandramohan A. Thekkath},
  title     = {StarTrack: a framework for enabling track-based applications},
  booktitle = {MobiSys},
  year      = {2009},
  pages     = {207-220}
}

@inproceedings{Constandache10:SeeBob,
  author    = {Ionut Constandache and
               Xuan Bao and
               Martin Azizyan and
               Romit Roy Choudhury},
  title     = {Did you see {Bob}?: human localization using mobile phones},
  booktitle = {MOBICOM},
  year      = {2010}

}
pages     = {149-160}
@inproceedings{Ma10:PrivacyTraces,
  author    = {Chris Y. T. Ma and
               David K. Y. Yau and
               Nung Kwan Yip and
               Nageswara S. V. Rao},
  title     = {Privacy vulnerability of published anonymous mobility traces},
  booktitle = {MOBICOM},
  year      = {2010}
}
  pages     = {185-196}


@inproceedings{Chintalapudi10:IndoorLoc,
  author    = {Krishna Chintalapudi and
               Anand Padmanabha Iyer and
               Venkata N. Padmanabhan},
  title     = {Indoor localization without the pain},
  booktitle = {MOBICOM},
  year      = {2010},
  pages     = {173-184}
}

@inproceedings{HustedM10:Malnets,
  author    = {Nathaniel Husted and
               Steven Myers},
  title     = {Mobile location tracking in metro areas: malnets and others},
  booktitle = {ACM CCS},
  year      = {2010}
 
}
 pages     = {85-96}
@inproceedings{Otsason05:GSMLoc,
  author    = {Veljo Otsason and
               Alex Varshavsky and
               Anthony LaMarca and
               Eyal de Lara},
  title     = {Accurate {GSM} Indoor Localization},
  booktitle = {Ubicomp},
  year      = {2005},
  pages     = {141-158}
}

@inproceedings{NP-complete,
  author    = {M.H.Alsuwaiyel},
  title     = {Algorithm Design Techniques and Analysis},
  pages = {292}
}     


