@article{linden2003amazon,
	title={Amazon. com recommendations: Item-to-item collaborative filtering},
	author={Linden, Greg and Smith, Brent and York, Jeremy},
	journal={IEEE Internet computing},
	volume={7},
	number={1},
	pages={76--80},
	year={2003},
	publisher={IEEE}
}
@inproceedings{sarwar2001item,
	title={Item-based collaborative filtering recommendation algorithms},
	author={Sarwar, Badrul and Karypis, George and Konstan, Joseph and Riedl, John},
	booktitle={Proceedings of the 10th international conference on World Wide Web},
	pages={285--295},
	year={2001}
}
@article{ott2019fairseq,
	title={fairseq: A fast, extensible toolkit for sequence modeling},
	author={Ott, Myle and Edunov, Sergey and Baevski, Alexei and Fan, Angela and Gross, Sam and Ng, Nathan and Grangier, David and Auli, Michael},
	journal={arXiv preprint arXiv:1904.01038},
	year={2019}
}
@inproceedings{ChenLZYZ019,
	author    = {Qibin Chen and
	Junyang Lin and
	Yichang Zhang and
	Hongxia Yang and
	Jingren Zhou and
	Jie Tang},
	title     = {Towards Knowledge-Based Personalized Product Description Generation
	in E-commerce},
	booktitle = {Proceedings of the 25th {ACM} {SIGKDD} International Conference on
	Knowledge Discovery {\&} Data Mining, {KDD} 2019, Anchorage, AK,
	USA, August 4-8, 2019.},
	pages     = {3040--3050},
	year      = {2019}
}
@inproceedings{mathur2017generating,
	title={Generating titles for millions of browse pages on an e-Commerce site},
	author={Mathur, Prashant and Ueffing, Nicola and Leusch, Gregor},
	booktitle={Proceedings of the 10th International Conference on Natural Language Generation},
	pages={158--167},
	year={2017}
}
@misc{luo2019conceptualize,
	title={Conceptualize and Infer User Needs in E-commerce},
	author={Xusheng Luo and Yonghua Yang and Kenny Q. Zhu and Yu Gong and Keping Yang},
	year={2019},
	eprint={1910.03295},
	archivePrefix={arXiv},
	primaryClass={cs.IR}
}
@phdthesis{gillick2011elements,
	title={The elements of automatic summarization},
	author={Gillick, Daniel Jacob},
	year={2011},
	school={UC Berkeley}
}
@article{barrault2010many,
	title={MANY: Open source machine translation system combination},
	author={Barrault, Lo{\"\i}c},
	journal={The Prague Bulletin of Mathematical Linguistics},
	volume={93},
	pages={147--155},
	year={2010},
	publisher={Versita}
}
@inproceedings{devlin2012trait,
	title={Trait-based hypothesis selection for machine translation},
	author={Devlin, Jacob and Matsoukas, Spyros},
	booktitle={Proceedings of the 2012 Conference of the North American Chapter of the Association for Computational Linguistics: Human Language Technologies},
	pages={528--532},
	year={2012},
	organization={Association for Computational Linguistics}
}
@article{suzuki2011automatic,
	title={Automatic post-editing based on SMT and its selective application by sentence-level automatic quality evaluation},
	author={Suzuki, Hirokazu},
	journal={Language},
	volume={1},
	pages={59--429},
	year={2011}
}
@inproceedings{rosti2007improved,
	title={Improved word-level system combination for machine translation},
	author={Rosti, Antti-Veikko and Matsoukas, Spyros and Schwartz, Richard},
	booktitle={Proceedings of the 45th Annual Meeting of the Association of Computational Linguistics},
	pages={312--319},
	year={2007}
}
@article{rush2015neural,
	title={A neural attention model for abstractive sentence summarization},
	author={Rush, Alexander M and Chopra, Sumit and Weston, Jason},
	journal={arXiv preprint arXiv:1509.00685},
	year={2015}
}
@inproceedings{de2018generating,
	title={Generating E-Commerce Product Titles and Predicting their Quality},
	author={de Souza, Jos{\'e} G Camargo and Kozielski, Michael and Mathur, Prashant and Chang, Ernie and Guerini, Marco and Negri, Matteo and Turchi, Marco and Matusov, Evgeny},
	booktitle={Proceedings of the 11th International Conference on Natural Language Generation},
	pages={233--243},
	year={2018}
}

@inproceedings{wang2017statistical,
	title={A statistical framework for product description generation},
	author={Wang, Jinpeng and Hou, Yutai and Liu, Jing and Cao, Yunbo and Lin, Chin-Yew},
	booktitle={Proceedings of the Eighth International Joint Conference on Natural Language Processing (Volume 2: Short Papers)},
	pages={187--192},
	year={2017}
}
@inproceedings{gehring2017convolutional,
	title={Convolutional sequence to sequence learning},
	author={Gehring, Jonas and Auli, Michael and Grangier, David and Yarats, Denis and Dauphin, Yann N},
	booktitle={Proceedings of the 34th International Conference on Machine Learning-Volume 70},
	pages={1243--1252},
	year={2017},
	organization={JMLR. org}
}
@article{chen2018stable,
	title={A Stable and Effective Learning Strategy for Trainable Greedy Decoding},
	author={Chen, Yun and Li, Victor OK and Cho, Kyunghyun and Bowman, Samuel R},
	journal={arXiv preprint arXiv:1804.07915},
	year={2018}
}
@article{song2018double,
	title={Double path networks for sequence to sequence learning},
	author={Song, Kaitao and Tan, Xu and He, Di and Lu, Jianfeng and Qin, Tao and Liu, Tie-Yan},
	journal={arXiv preprint arXiv:1806.04856},
	year={2018}
}
@misc{wu2019pay,
	title={Pay Less Attention with Lightweight and Dynamic Convolutions},
	author={Felix Wu and Angela Fan and Alexei Baevski and Yann N. Dauphin and Michael Auli},
	year={2019},
	eprint={1901.10430},
	archivePrefix={arXiv},
	primaryClass={cs.CL}
}
@article{fan2018hierarchical,
	title={Hierarchical neural story generation},
	author={Fan, Angela and Lewis, Mike and Dauphin, Yann},
	journal={arXiv preprint arXiv:1805.04833},
	year={2018}
}
@article{fan2019strategies,
	title={Strategies for Structuring Story Generation},
	author={Fan, Angela and Lewis, Mike and Dauphin, Yann},
	journal={arXiv preprint arXiv:1902.01109},
	year={2019}
}
@article{fan2017controllable,
	title={Controllable abstractive summarization},
	author={Fan, Angela and Grangier, David and Auli, Michael},
	journal={arXiv preprint arXiv:1711.05217},
	year={2017}
}
@inproceedings{liu2018controlling,
	title={Controlling length in abstractive summarization using a convolutional neural network},
	author={Liu, Yizhu and Luo, Zhiyi and Zhu, Kenny},
	booktitle={Proceedings of the 2018 Conference on Empirical Methods in Natural Language Processing},
	pages={4110--4119},
	year={2018}
}
@article{narayan2018don,
	title={Don't Give Me the Details, Just the Summary! Topic-Aware Convolutional Neural Networks for Extreme Summarization},
	author={Narayan, Shashi and Cohen, Shay B and Lapata, Mirella},
	journal={arXiv preprint arXiv:1808.08745},
	year={2018}
}
@article{baevski2018adaptive,
	title={Adaptive input representations for neural language modeling},
	author={Baevski, Alexei and Auli, Michael},
	journal={arXiv preprint arXiv:1809.10853},
	year={2018}
}
@article{miller2017parlai,
	title={Parlai: A dialog research software platform},
	author={Miller, Alexander H and Feng, Will and Fisch, Adam and Lu, Jiasen and Batra, Dhruv and Bordes, Antoine and Parikh, Devi and Weston, Jason},
	journal={arXiv preprint arXiv:1705.06476},
	year={2017}
}
@article{dinan2018wizard,
	title={Wizard of wikipedia: Knowledge-powered conversational agents},
	author={Dinan, Emily and Roller, Stephen and Shuster, Kurt and Fan, Angela and Auli, Michael and Weston, Jason},
	journal={arXiv preprint arXiv:1811.01241},
	year={2018}
}
@inproceedings{ott2019fairseq,
	title = {fairseq: A Fast, Extensible Toolkit for Sequence Modeling},
	author = {Myle Ott and Sergey Edunov and Alexei Baevski and Angela Fan and Sam Gross and Nathan Ng and David Grangier and Michael Auli},
	booktitle = {Proceedings of NAACL-HLT 2019: Demonstrations},
	year = {2019},
}
@article{seo2016bidirectional,
	title={Bidirectional attention flow for machine comprehension},
	author={Seo, Minjoon and Kembhavi, Aniruddha and Farhadi, Ali and Hajishirzi, Hannaneh},
	journal={arXiv preprint arXiv:1611.01603},
	year={2016}
}
@article{gulcehre2015using,
	title={On using monolingual corpora in neural machine translation},
	author={Gulcehre, Caglar and Firat, Orhan and Xu, Kelvin and Cho, Kyunghyun and Barrault, Loic and Lin, Huei-Chi and Bougares, Fethi and Schwenk, Holger and Bengio, Yoshua},
	journal={arXiv preprint arXiv:1503.03535},
	year={2015}
}
@article{devlin2018bert,
	title={Bert: Pre-training of deep bidirectional transformers for language understanding},
	author={Devlin, Jacob and Chang, Ming-Wei and Lee, Kenton and Toutanova, Kristina},
	journal={arXiv preprint arXiv:1810.04805},
	year={2018}
}
@inproceedings{he2016deep,
	title={Deep residual learning for image recognition},
	author={He, Kaiming and Zhang, Xiangyu and Ren, Shaoqing and Sun, Jian},
	booktitle={Proceedings of the IEEE conference on computer vision and pattern recognition},
	pages={770--778},
	year={2016}
}
@article{srivastava2014dropout,
	title={Dropout: a simple way to prevent neural networks from overfitting},
	author={Srivastava, Nitish and Hinton, Geoffrey and Krizhevsky, Alex and Sutskever, Ilya and Salakhutdinov, Ruslan},
	journal={The journal of machine learning research},
	volume={15},
	number={1},
	pages={1929--1958},
	year={2014},
	publisher={JMLR. org}
}
@inproceedings{sutskever2013importance,
	title={On the importance of initialization and momentum in deep learning},
	author={Sutskever, Ilya and Martens, James and Dahl, George and Hinton, Geoffrey},
	booktitle={International conference on machine learning},
	pages={1139--1147},
	year={2013}
}
@inproceedings{pascanu2013difficulty,
	title={On the difficulty of training recurrent neural networks},
	author={Pascanu, Razvan and Mikolov, Tomas and Bengio, Yoshua},
	booktitle={International conference on machine learning},
	pages={1310--1318},
	year={2013}
}
@inproceedings{papineni2002bleu,
	title={BLEU: a method for automatic evaluation of machine translation},
	author={Papineni, Kishore and Roukos, Salim and Ward, Todd and Zhu, Wei-Jing},
	booktitle={Proceedings of the 40th annual meeting on association for computational linguistics},
	pages={311--318},
	year={2002},
	organization={Association for Computational Linguistics}
}
@article{li2016deep,
	title={Deep reinforcement learning for dialogue generation},
	author={Li, Jiwei and Monroe, Will and Ritter, Alan and Galley, Michel and Gao, Jianfeng and Jurafsky, Dan},
	journal={arXiv preprint arXiv:1606.01541},
	year={2016}
}


@InProceedings{DauphinFAG17, 
author    = {Yann N. Dauphin and Angela Fan and Michael Auli and David Grangier},
title   = {Language Modeling with Gated Convolutional Networks},
booktitle = {Proceedings of the 34th International Conference on Machine Learning, {ICML} 2017, Sydney, NSW, Australia, 6-11 August 2017},
pages     = {933--941},
year      = {2017}
}  
@InProceedings{HeZRS16,
	author    = {Kaiming He and
	Xiangyu Zhang and
	Shaoqing Ren and
	Jian Sun},
	title     = {Deep Residual Learning for Image Recognition},
	booktitle = {2016 {IEEE} Conference on Computer Vision and Pattern Recognition,
	{CVPR} 2016, Las Vegas, NV, USA, June 27-30, 2016},
	pages     = {770--778},
	year      = {2016}
}

@misc{wolf2019transformers,
	title={Transformers: State-of-the-art Natural Language Processing},
	author={Thomas Wolf and Lysandre Debut and Victor Sanh and Julien Chaumond and Clement Delangue and Anthony Moi and Pierric Cistac and Tim Rault and Rémi Louf and Morgan Funtowicz and Jamie Brew},
	year={2019},
	eprint={1910.03771},
	archivePrefix={arXiv},
	primaryClass={cs.CL}
}
@article{bahdanau2014neural,
	title={Neural machine translation by jointly learning to align and translate},
	author={Bahdanau, Dzmitry and Cho, Kyunghyun and Bengio, Yoshua},
	journal={arXiv preprint arXiv:1409.0473},
	year={2014}
}
@article{wu2016google,
	title={Google's neural machine translation system: Bridging the gap between human and machine translation},
	author={Wu, Yonghui and Schuster, Mike and Chen, Zhifeng and Le, Quoc V and Norouzi, Mohammad and Macherey, Wolfgang and Krikun, Maxim and Cao, Yuan and Gao, Qin and Macherey, Klaus and others},
	journal={arXiv preprint arXiv:1609.08144},
	year={2016}
}
@inproceedings{chopra2016abstractive,
	title={Abstractive sentence summarization with attentive recurrent neural networks},
	author={Chopra, Sumit and Auli, Michael and Rush, Alexander M},
	booktitle={Proceedings of the 2016 Conference of the North American Chapter of the Association for Computational Linguistics: Human Language Technologies},
	pages={93--98},
	year={2016}
}
@article{nallapati2016abstractive,
	title={Abstractive text summarization using sequence-to-sequence rnns and beyond},
	author={Nallapati, Ramesh and Zhou, Bowen and Gulcehre, Caglar and Xiang, Bing and others},
	journal={arXiv preprint arXiv:1602.06023},
	year={2016}
}
@inproceedings{serban2017multiresolution,
	title={Multiresolution recurrent neural networks: An application to dialogue response generation},
	author={Serban, Iulian Vlad and Klinger, Tim and Tesauro, Gerald and Talamadupula, Kartik and Zhou, Bowen and Bengio, Yoshua and Courville, Aaron},
	booktitle={Thirty-First AAAI Conference on Artificial Intelligence},
	year={2017}
}

@inproceedings{langkilde1998generation,
	title={Generation that exploits corpus-based statistical knowledge},
	author={Langkilde, Irene and Knight, Kevin},
	booktitle={Proceedings of the 36th Annual Meeting of the Association for Computational Linguistics and 17th International Conference on Computational Linguistics-Volume 1},
	pages={704--710},
	year={1998},
	organization={Association for Computational Linguistics}
}
@inproceedings{gerani2014abstractive,
	title={Abstractive summarization of product reviews using discourse structure},
	author={Gerani, Shima and Mehdad, Yashar and Carenini, Giuseppe and Ng, Raymond T and Nejat, Bita},
	booktitle={Proceedings of the 2014 conference on empirical methods in natural language processing (EMNLP)},
	pages={1602--1613},
	year={2014}
}
@article{lipton2015capturing,
	title={Capturing meaning in product reviews with character-level generative text models},
	author={Lipton, Zachary C and Vikram, Sharad and McAuley, Julian},
	journal={arXiv preprint arXiv:1511.03683},
	year={2015}
}
@article{tang2016context,
	title={Context-aware natural language generation with recurrent neural networks},
	author={Tang, Jian and Yang, Yifan and Carton, Sam and Zhang, Ming and Mei, Qiaozhu},
	journal={arXiv preprint arXiv:1611.09900},
	year={2016}
}
