@article{harris1954distri,
	title={Distributional structure},
	author={Harris, Zellig S},
	journal={Word},
	year={1954},
}

@inproceedings{bahd2014neu,
	title={Neural machine translation by jointly learning to align and translate},
	author={Bahdanau, Dzmitry and Cho, Kyunghyun and Bengio, Yoshua},
	booktitle={ICLR},
	year={2015}
}

@inproceedings{Tugwell20009,
	author = {Tugwell, David and Kilgarriff, Adam},
	title = {Harnessing the Lexicographer in the Quest for Accurate Word Sense Disambiguation},
	booktitle = {Proceedings of the Third International Workshop on Text, Speech and Dialogue},
	year = {2000},
} 


@inproceedings{suts2014sequ,
	title={Sequence to sequence learning with neural networks},
	author={Sutskever, Ilya and Vinyals, Oriol and Le, Quoc V},
	booktitle={NIPS},
	year={2014}
}

@inproceedings{wieting2015towards,
  title={Towards universal paraphrastic sentence embeddings},
  author={Wieting, John and Bansal, Mohit and Gimpel, Kevin and Livescu, Karen},
  booktitle={ICLR},
  year={2016}
}

@inproceedings{cho2014proper,
	title={On the properties of neural machine translation: Encoder-decoder approaches},
	author={Cho, Kyunghyun and Van Merri{\"e}nboer, Bart and Bahdanau, Dzmitry and Bengio, Yoshua},
	booktitle={Proceedings of SSST-8, Eighth Workshop on Syntax, Semantics and Structure in Statistical Translation. },
	year={2014}
}
@conference {Baker_98,
	title = {The {B}erkeley {F}rame{N}et project},
	booktitle = {COLING-ACL},
	year = {1998},
	author = {Baker, Collin F. and Fillmore, Charles J. and John B. Lowe}
}

@book{miller1998wordnet,
  title={WordNet: An electronic lexical database},
  author={Miller, George},
  year={1998},
  publisher={MIT press}
}

@inproceedings{ding2012optimizing,
	title={Optimizing index for taxonomy keyword search},
	author={Ding, Bolin and Wang, Haixun and Jin, Ruoming and Han, Jiawei and Wang, Zhongyuan},
	booktitle={SIGMOD},
	year={2012},
}

@inproceedings{song2011short,
	title={Short text conceptualization using a probabilistic knowledgebase},
	author={Song, Yangqiu and Wang, Haixun and Wang, Zhongyuan and Li, Hongsong and Chen, Weizhu},
	booktitle={IJCAI},
	year={2011}
}

@article{landis1977measurement,
  title={The measurement of observer agreement for categorical data},
  author={Landis, J Richard and Koch, Gary G},
  journal={biometrics},
  year={1977},
}

@inproceedings{finlayson2011detecting,
  title={Detecting multi-word expressions improves word sense disambiguation},
  author={Finlayson, Mark Alan and Kulkarni, Nidhi},
  booktitle={Proceedings of the Workshop on Multiword Expressions: from Parsing and Generation to the Real World},
  year={2011},
  organization={Association for Computational Linguistics}
}

@inproceedings{Cui2016,
	title={Verb pattern: A probabilistic semantic representation on verbs},
	author={Cui, Wanyun and Zhou, Xiyou and Lin, Hangyu and Xiao, Yanghua and Wang, Haixun and Hwang, Seung-won and Wang, Wei},
	booktitle={AAAI},
	year={2016}
}

@inproceedings{Mikolov_nips_2013,
	title={Distributed representations of words and phrases and their compositionality},
	author={Mikolov, Tomas and Sutskever, Ilya and Chen, Kai and Corrado, Greg S and Dean, Jeff},
	booktitle={NIPS},
	pages={3111--3119},
	year={2013}
}

@inproceedings{Song-ijcai-2011,
	title={Short text conceptualization using a probabilistic knowledgebase},
	author={Song, Yangqiu and Wang, Haixun and Wang, Zhongyuan and Li, Hongsong and Chen, Weizhu},
	booktitle={IJCAI},
	year={2011}
}

@techreport{wang2010toward,
	title={Toward topic search on the web},
	author={Wang, Yue and Li, Hongsong and Wang, Haixun and Zhu, Kenny Q},
	booktitle={Technical report},
	year={2010},
	
}

@inproceedings{wang2012understanding,
	title={Understanding tables on the web},
	author={Wang, Jingjing and Wang, Haixun and Wang, Zhongyuan and Zhu, Kenny Q},
	booktitle={International Conference on Conceptual Modeling},
	year={2012},
}

@inproceedings{zhu2014reasoning,
	title={Reasoning about object affordances in a knowledge base representation},
	author={Zhu, Yuke and Fathi, Alireza and Fei-Fei, Li},
	booktitle={ECCV},
	year={2014},
}

@inproceedings{bowman2015large,
  title={A large annotated corpus for learning natural language inference},
  author={Bowman, Samuel R and Angeli, Gabor and Potts, Christopher and Manning, Christopher D},
  booktitle={EMNLP},
  year={2015},
}

@article{dagan2010recognizing,
	title={Recognizing textual entailment: Rational, evaluation and approaches--erratum},
	author={Dagan, Ido and Dolan, Bill and Magnini, Bernardo and Roth, Dan},
	journal={Natural Language Engineering},
	year={2010},
}

@article{Niu2011,
	author = {Niu, Xing and Sun, Xinruo and Wang, Haofen and Rong, Shu and Qi, Guilin and Yu, Yong},
	journal = {The Semantic Webâ€“ISWC},
	title = {{Zhishi. me-weaving Chinese linking open data}},
	year = {2011}
}

@article{Wu2012,
	author = {Wu, Wentao and Li, Hongsong and Wang, Haixun and Zhu, Kenny Q.},
	journal = {SIGMOD },
	title = {{Probase: A probabilistic taxonomy for text understanding}},
	year = {2012}
}

@inproceedings{Xu2017,
	title={CN-DBpedia: a never-ending Chinese knowledge extraction system},
	author={Xu, Bo and Xu, Yong and Liang, Jiaqing and Xie, Chenhao and Liang, Bin and Cui, Wanyun and Xiao, Yanghua},
	booktitle={International Conference on Industrial, Engineering and Other Applications of Applied Intelligent Systems},
	pages={428--438},
	year={2017},
	organization={Springer}
}

@article{Speer2012a,
	author = {Speer, Robert and Havasi, Catherine},
	journal = {LREC},
	title = {Representing General Relational Knowledge in ConceptNet 5},
	year = {2012}
}

@inproceedings{Shen2018,
  title={Baseline Needs More Love: On Simple Word-Embedding-Based Models and Associated Pooling Mechanisms},
  author={Shen, Dinghan and Wang, Guoyin and Wang, Wenlin and Min, Martin Renqiang and Su, Qinliang and Zhang, Yizhe and Li, Chunyuan and Henao, Ricardo and Carin, Lawrence},
  booktitle={ACL},
  year={2018}
}

@inproceedings{Wang2015,
	title={Challenges in Chinese knowledge graph construction},
	author={Chengyu, Wang and Ming, Gao and Xiaofeng, He and Rong,Zhang},
	booktitle={31st IEEE International Conference on Data Engineering Workshops},
	pages={59--61},
	year={2015},
	organization={IEEE}
}

