
@inproceedings{shannonscore,
	title={Play the Shannon Game With Language Models: A Human-Free Approach to Summary Evaluation},
	author={Nicholas, Egan and Oleg, Vasilyev and John, Bohannon},
	booktitle={arXiv preprint, arXiv:2103.10918, planned to release in AAAI 2022},
	pages={1-16},
	year={2022}
}

@inproceedings{summeval,
	title={SummEval: Re-evaluating Summarization Evaluation},
	author={Fabbri, A. R. and Kry´sci´nski, W. and McCann, B. and Xiong, C. and Socher, R. and Radev, D. },
	booktitle={Transactions of the Association for Computational Linguistics},
	pages={391-409},
	year={2021}
}

@inproceedings{shannongame,
	title={Automated Text Summarization and the Summarist System},
	author={Hovy, E. and Lin, C.-Y},
	booktitle={TIPSTER TEXT PROGRAM PHASE III: Proceedings of aWorkshop held at Baltimore, Maryland},
	pages={197–214},
	year={1998}
}

@inproceedings{gpt2,
	title={Language Models are Unsupervised Multitask Learners},
	author={Radford, A. and Wu, J. and Child, R. and Luan, D. and Amodei, D. and Sutskever, I.},
	booktitle={OPENAI},
	pages={},
	year={2019}
}

@inproceedings{summaqa,
	title={Answers unite! unsupervised metrics for reinforced summarization models},
	author={Thomas, Scialom and Sylvain, Lamprier and Benjamin, Piwowarski and Jacopo, Staiano},
	booktitle={Proceedings of the 2019 Conference on Empirical Methods in Natural Language Processing and the 9th International Joint Conference on Natural Language Processing},
	pages={3246-3256},
	year={2019}
}

@inproceedings{supert,
	title={SUPERT: towards new frontiers in unsupervised evaluation metrics for multi-document summarization},
	author={Yang, Gao and Wei, Zhao and Steffen, Eger},
	booktitle={Proceedings of the 58th Annual Meeting of the Association for Computational Linguistics},
	pages={1347-1354},
	year={2020}
}

@inproceedings{blanc,
	title={Fill in the BLANC: human free quality estimation of document summaries},
	author={Oleg, Vasilyev and Vedant, Dharnidharka and John, Bohannon},
	booktitle={Proceedings of the First Workshop on Evaluation and Comparison of NLP Systems},
	pages={11-20},
	year={2020}
}

@inproceedings{bleu,
	title={Bleu: a method for automatic evaluation of machine translation},
	author={Kishore, Papineni and Salim, Roukos and Todd, Ward and Wei-Jing, Zhu},
	booktitle={Proceedings of the 40th Annual Meeting of the Association for Computational Linguistics},
	pages={311-318},
	year={2002}
}

@inproceedings{rouge,
	title={Rouge: A package for automatic evaluation of summaries},
	author={Chin-Yew, Lin},
	booktitle={Text summarization branches out},
	pages={74-81},
	year={2004}
}

@inproceedings{rougewe,
	title={Better summarization evaluation with word embeddings for ROUGE},
	author={Jun-Ping, Ng and Viktoria, Abrecht},
	booktitle={Proceedings of the 2015 Conference on Empirical Methods in Natural Language Processing},
	pages={1925-1930},
	year={2015}
}

@inproceedings{meteor,
	title={METEOR: An automatic metric for MT evaluation with high levels of correlation with human judgments},
	author={Alon, Lavie and Abhaya, Agarwal},
	booktitle={Proceedings of the Second Workshop on Statistical Machine Translation},
	pages={228-231},
	year={2007}
}

@inproceedings{bertscore,
	title={Bertscore: Evaluating text generation with bert},
	author={Tianyi, Zhang and Varsha, Kishore and Felix, Wu and Kilian, Q. Weinberger and Yoav, Artzi},
	booktitle={International Conference on Learning Representations},
	pages={},
	year={2020}
}

@inproceedings{moverscore,
	title={MoverScore: Text generation evaluating with contextualized embeddings and earth mover distance},
	author={Wei, Zhao and Maxime, Peyrard and Fei, Liu and Yang, Gao and Christian, M. Meyer and Steffen, Eger},
	booktitle={EMNLP-IJCNLP 2019},
	pages={563-578},
	year={2019}
}

@inproceedings{questeval,
	title={QuestEval: Summarization Asks for Fact-based Evaluation},
	author={Thomas, Scialom and Paul-Alexis, Dray and Patrick, Gallinariz and Sylvain, Lamprierz and Benjamin, Piwowarski and Jacopo, Staiano and Alex, Wangy},
	booktitle={arXiv preprint, arXiv:2103.12693},
	pages={},
	year={2021}
}

@inproceedings{centrality,
	title={A Training-free and Reference-free Summarization Evaluation Metric via Centrality-weighted Relevance and Self-referenced Redundancy},
	author={Wang, Chen and Piji, Li and Irwin, King},
	booktitle={In Proceedings of the 58th Annual Meeting of the Association for Computational Linguistics},
	pages={},
	year={2021}
}


