@misc{githuburl,
title = {Github},
howpublished = "\url{http://github.com/}"
}
@misc{acmurl,
title = {ACM taxonomy},
howpublished = "\url{http://dl.acm.org/ccs_flat.cfm}"
}
@misc{sofurl,
title = {Stackoverflow},
howpublished = "\url{http://stackoverflow.com}"
}
@article{blei2003latent,
  title={Latent dirichlet allocation},
  author={Blei, David M and Ng, Andrew Y and Jordan, Michael I},
  journal={the Journal of machine Learning research},
  volume={3},
  pages={993--1022},
  year={2003},
  publisher={JMLR. org}
}
@inproceedings{perotte2011hierarchically,
  title={Hierarchically Supervised Latent Dirichlet Allocation.},
  author={Perotte, Adler J and Wood, Frank and Elhadad, No{\'e}mie and Bartlett, Nicholas},
  booktitle={NIPS},
  pages={2609--2617},
  year={2011}
}
@inproceedings{hofmann1999probabilistic,
  title={Probabilistic latent semantic indexing},
  author={Hofmann, Thomas},
  booktitle={Proceedings of the 22nd annual international ACM SIGIR conference on Research and development in information retrieval},
  pages={50--57},
  year={1999},
  organization={ACM}
}
@inproceedings{gabrilovich2007computing,
  title={Computing Semantic Relatedness Using Wikipedia-based Explicit Semantic Analysis.},
  author={Gabrilovich, Evgeniy and Markovitch, Shaul},
  booktitle={IJCAI},
  volume={7},
  pages={1606--1611},
  year={2007}
}
@inproceedings{linstead2007mining,
  title={Mining concepts from code with probabilistic topic models},
  author={Linstead, Erik and Rigor, Paul and Bajracharya, Sushil and Lopes, Cristina and Baldi, Pierre},
  booktitle={Proceedings of the twenty-second IEEE/ACM international conference on Automated software engineering},
  pages={461--464},
  year={2007},
  organization={ACM}
}
@inproceedings{tian2009using,
  title={Using latent dirichlet allocation for automatic categorization of software},
  author={Tian, Kai and Revelle, Meghan and Poshyvanyk, Denys},
  booktitle={Mining Software Repositories, 2009. MSR'09. 6th IEEE International Working Conference on},
  pages={163--166},
  year={2009},
  organization={IEEE}
}

@article{kawaguchi2006mudablue,
  title={Mudablue: An automatic categorization system for open source repositories},
  author={Kawaguchi, Shinji and Garg, Pankaj K and Matsushita, Makoto and Inoue, Katsuro},
  journal={Journal of Systems and Software},
  volume={79},
  number={7},
  pages={939--953},
  year={2006},
  publisher={Elsevier}
}

@article{kuhn2007semantic,
  title={Semantic clustering: Identifying topics in source code},
  author={Kuhn, Adrian and Ducasse, St{\'e}phane and G{\'\i}rba, Tudor},
  journal={Information and Software Technology},
  volume={49},
  number={3},
  pages={230--243},
  year={2007},
  publisher={Elsevier}
}

@inproceedings{maskeri2008mining,
  title={Mining business topics in source code using latent dirichlet allocation},
  author={Maskeri, Girish and Sarkar, Santonu and Heafield, Kenneth},
  booktitle={Proceedings of the 1st India software engineering conference},
  pages={113--120},
  year={2008},
  organization={ACM}
}
@inproceedings{baldi2008theory,
  title={A theory of aspects as latent topics},
  author={Baldi, Pierre F and Lopes, Cristina V and Linstead, Erik J and Bajracharya, Sushil K},
  booktitle={ACM Sigplan Notices},
  volume={43},
  number={10},
  pages={543--562},
  year={2008},
  organization={ACM}
}

@inproceedings{lukins2008source,
  title={Source code retrieval for bug localization using latent dirichlet allocation},
  author={Lukins, Stacy K and Kraft, Nicholas A and Etzkorn, Letha H},
  booktitle={Reverse Engineering, 2008. WCRE'08. 15th Working Conference on},
  pages={155--164},
  year={2008},
  organization={IEEE}
}

@inproceedings{ponzetto2009large,
  title={Large-Scale Taxonomy Mapping for Restructuring and Integrating Wikipedia.},
  author={Ponzetto, Simone Paolo and Navigli, Roberto},
  booktitle={IJCAI},
  volume={9},
  pages={2083--2088},
  year={2009}
}

@article{miller1995wordnet,
  title={WordNet: a lexical database for English},
  author={Miller, George A},
  journal={Communications of the ACM},
  volume={38},
  number={11},
  pages={39--41},
  year={1995},
  publisher={ACM}
}

@inproceedings{ponzetto2007deriving,
  title={Deriving a large scale taxonomy from Wikipedia},
  author={Ponzetto, Simone Paolo and Strube, Michael},
  booktitle={AAAI},
  volume={7},
  pages={1440--1445},
  year={2007}
}

@inproceedings{liu2012automatic,
  title={Automatic taxonomy construction from keywords},
  author={Liu, Xueqing and Song, Yangqiu and Liu, Shixia and Wang, Haixun},
  booktitle={Proceedings of the 18th ACM SIGKDD international conference on Knowledge discovery and data mining},
  pages={1433--1441},
  year={2012},
  organization={ACM}
}

@article{kotlerman2011support,
  title={A Support Tool for Deriving Domain Taxonomies from Wikipedia},
  author={Kotlerman, Lili and Avital, Zemer and Dagan, Ido and Lotan, Amnon and Weintraub, Ofer},
  year={2011}
}
@InProceedings{ramage-EtAl:2009:EMNLP,
  author    = {Ramage, Daniel  and  Hall, David  and  Nallapati, Ramesh  and  Manning, Christopher D.},
  title     = {{Labeled LDA}: A supervised topic model for credit attribution in multi-labeled corpora},
  booktitle = {Proceedings of the 2009 Conference on Empirical Methods in Natural Language Processing},
  month     = {August},
  year      = {2009},
  address   = {Singapore},
  publisher = {Association for Computational Linguistics},
  pages     = {248--256},
  url       = {http://www.aclweb.org/anthology/D/D09/D09-1026}
}
@article{tag,
  title={Automatically Inferring Tag Hierarchies in Social Tagging Systems},
  author={SAMUEL C. GRUBER, ADAM K. MIHALCIN and PRASHANT SRIDHAR},
  year={2013}
}


