% Use this file for citations not found in the ACL Anthology (contained in "anthology.bib").

@article{zhang2023benchmarking,
	title={Benchmarking large language models for news summarization},
	author={Zhang, Tianyi and Ladhak, Faisal and Durmus, Esin and Liang, Percy and McKeown, Kathleen and Hashimoto, Tatsunori B},
	journal={arXiv preprint arXiv:2301.13848},
	year={2023}
}

@article{openai2022,
	title = {Online ChatGPT: Optimizing Language Models for Dialogue},
	url = {https://online-chatgpt.com/},
	author = {OpenAI},
	journal={OpenAI Blog},
	year={2022}
}

@inproceedings{lewis2020bart,
	title={BART: Denoising Sequence-to-Sequence Pre-training for Natural Language Generation, Translation, and Comprehension},
	author={Lewis, Mike and Liu, Yinhan and Goyal, Naman and Ghazvininejad, Marjan and Mohamed, Abdelrahman and Levy, Omer and Stoyanov, Veselin and Zettlemoyer, Luke},
	booktitle={Proceedings of the 58th Annual Meeting of the Association for Computational Linguistics},
	pages={7871--7880},
	year={2020}
}

@inproceedings{zhang2020pegasus,
	title={Pegasus: Pre-training with extracted gap-sentences for abstractive summarization},
	author={Zhang, Jingqing and Zhao, Yao and Saleh, Mohammad and Liu, Peter},
	booktitle={International Conference on Machine Learning},
	pages={11328--11339},
	year={2020},
	organization={PMLR}
}

@article{huang2021factual,
	title={The factual inconsistency problem in abstractive text summarization: A survey},
	author={Huang, Yichong and Feng, Xiachong and Feng, Xiaocheng and Qin, Bing},
	journal={arXiv preprint arXiv:2104.14839},
	year={2021}
}

@inproceedings{maynez2020faithfulness,
	title={On Faithfulness and Factuality in Abstractive Summarization},
	author={Maynez, Joshua and Narayan, Shashi and Bohnet, Bernd and McDonald, Ryan},
	booktitle={Proceedings of the 58th Annual Meeting of the Association for Computational Linguistics},
	pages={1906--1919},
	year={2020}
}

@inproceedings{matsumaru2020improving,
	title={Improving Truthfulness of Headline Generation},
	author={Matsumaru, Kazuki and Takase, Sho and Okazaki, Naoaki},
	booktitle={Proceedings of the 58th Annual Meeting of the Association for Computational Linguistics},
	pages={1335--1346},
	year={2020}
}

@inproceedings{chaudhury2022x,
	title={X-FACTOR: A Cross-metric Evaluation of Factual Correctness in Abstractive Summarization},
	author={Chaudhury, Subhajit and Swaminathan, Sarathkrishna and Gunasekara, Chulaka and Crouse, Maxwell and Ravishankar, Srinivas and Kimura, Daiki and Murugesan, Keerthiram and Astudillo, Ram{\'o}n Fernandez and Naseem, Tahira and Kapanipathi, Pavan and others},
	booktitle={Proceedings of the 2022 Conference on Empirical Methods in Natural Language Processing},
	pages={7100--7110},
	year={2022}
}

@article{ji2023survey,
	title={Survey of hallucination in natural language generation},
	author={Ji, Ziwei and Lee, Nayeon and Frieske, Rita and Yu, Tiezheng and Su, Dan and Xu, Yan and Ishii, Etsuko and Bang, Ye Jin and Madotto, Andrea and Fung, Pascale},
	journal={ACM Computing Surveys},
	volume={55},
	number={12},
	pages={1--38},
	year={2023},
	publisher={ACM New York, NY}
}

@inproceedings{mishra2021looking,
	title={Looking beyond sentence-level natural language inference for question answering and text summarization},
	author={Mishra, Anshuman and Patel, Dhruvesh and Vijayakumar, Aparna and Li, Xiang Lorraine and Kapanipathi, Pavan and Talamadupula, Kartik},
	booktitle={Proceedings of the 2021 Conference of the North American Chapter of the Association for Computational Linguistics: Human Language Technologies},
	pages={1322--1336},
	year={2021}
}

@inproceedings{falke2019ranking,
	title={Ranking generated summaries by correctness: An interesting but challenging application for natural language inference},
	author={Falke, Tobias and Ribeiro, Leonardo FR and Utama, Prasetya Ajie and Dagan, Ido and Gurevych, Iryna},
	booktitle={Proceedings of the 57th Annual Meeting of the Association for Computational Linguistics},
	pages={2214--2220},
	year={2019}
}

@article{laban2022summac,
	title={SummaC: Re-visiting NLI-based models for inconsistency detection in summarization},
	author={Laban, Philippe and Schnabel, Tobias and Bennett, Paul N and Hearst, Marti A},
	journal={Transactions of the Association for Computational Linguistics},
	volume={10},
	pages={163--177},
	year={2022},
	publisher={MIT Press}
}

@inproceedings{wang2020asking,
	title={Asking and Answering Questions to Evaluate the Factual Consistency of Summaries},
	author={Wang, Alex and Cho, Kyunghyun and Lewis, Mike},
	booktitle={Proceedings of the 58th Annual Meeting of the Association for Computational Linguistics},
	pages={5008--5020},
	year={2020}
}

@inproceedings{goodrich2019assessing,
	title={Assessing the factual accuracy of generated text},
	author={Goodrich, Ben and Rao, Vinay and Liu, Peter J and Saleh, Mohammad},
	booktitle={Proceedings of the 25th ACM SIGKDD International Conference on Knowledge Discovery \& Data Mining},
	pages={166--175},
	year={2019}
}


@article{gao2023human,
	title={Human-like summarization evaluation with chatgpt},
	author={Gao, Mingqi and Ruan, Jie and Sun, Renliang and Yin, Xunjian and Yang, Shiping and Wan, Xiaojun},
	journal={arXiv preprint arXiv:2304.02554},
	year={2023}
}


@article{luo2023chatgpt,
	title={Chatgpt as a factual inconsistency evaluator for abstractive text summarization},
	author={Luo, Zheheng and Xie, Qianqian and Ananiadou, Sophia},
	journal={arXiv preprint arXiv:2303.15621},
	year={2023}
}

@inproceedings{weichain,
	title={Chain-of-Thought Prompting Elicits Reasoning in Large Language Models},
	author={Wei, Jason and Wang, Xuezhi and Schuurmans, Dale and Bosma, Maarten and Xia, Fei and Chi, Ed H and Le, Quoc V and Zhou, Denny and others},
	booktitle={Advances in Neural Information Processing Systems},
	year={2023}
}

@article{zhou2023lima,
	title={Lima: Less is more for alignment},
	author={Zhou, Chunting and Liu, Pengfei and Xu, Puxin and Iyer, Srini and Sun, Jiao and Mao, Yuning and Ma, Xuezhe and Efrat, Avia and Yu, Ping and Yu, Lili and others},
	journal={arXiv preprint arXiv:2305.11206},
	year={2023}
}

@inproceedings{she2022cop,
	title={CoP: Factual Inconsistency Detection by Controlling the Preference},
	author={She, Shuaijie and Geng, Xiang and Huang, Shujian and Chen, Jiajun},
	booktitle={Proceedings of the AAAI Conference on Artificial Intelligence},
	year={2023}
}

@inproceedings{son2022harim,
	title={HaRiM+: Evaluating Summary Quality with Hallucination Risk: Evaluating Summary Quality with Hallucination Risk},
	author={Son, Seonil Simon and Park, Junsoo and Hwang, Jeong-in and Lee, Junghwa and Noh, Hyungjong and Lee, Yeonsoo},
	booktitle={Proceedings of the 2nd Conference of the Asia-Pacific Chapter of the Association for Computational Linguistics and the 12th International Joint Conference on Natural Language Processing},
	pages={895--924},
	year={2022}
}

@inproceedings{goyal2022training,
	title={Training Dynamics for Text Summarization Models},
	author={Goyal, Tanya and Xu, Jiacheng and Li, Junyi Jessy and Durrett, Greg},
	booktitle={Findings of the Association for Computational Linguistics: ACL 2022},
	pages={2061--2073},
	year={2022}
}

@inproceedings{kang2020improved,
	title={Improved Natural Language Generation via Loss Truncation},
	author={Kang, Daniel and Hashimoto, Tatsunori B},
	booktitle={Proceedings of the 58th Annual Meeting of the Association for Computational Linguistics},
	pages={718--731},
	year={2020}
}

@article{fabbri2021summeval,
	title={SummEval: Re-evaluating Summarization Evaluation},
	author={Fabbri, Alexander Richard and Kry{\'s}ci{\'n}ski, Wojciech and McCann, Bryan and Xiong, Caiming and Socher, Richard and Radev, Dragomir},
	journal={Transactions of the Association for Computational Linguistics},
	volume={9},
	pages={391--409},
	year={2021}
}

@inproceedings{pagnoni2021understanding,
	title={Understanding Factuality in Abstractive Summarization with FRANK: A Benchmark for Factuality Metrics},
	author={Pagnoni, Artidoro and Balachandran, Vidhisha and Tsvetkov, Yulia},
	booktitle={Proceedings of the 2021 Conference of the North American Chapter of the Association for Computational Linguistics: Human Language Technologies},
	pages={4812--4829},
	year={2021}
}

@inproceedings{huang2020have,
	title={What Have We Achieved on Text Summarization?},
	author={Huang, Dandan and Cui, Leyang and Yang, Sen and Bao, Guangsheng and Wang, Kun and Xie, Jun and Zhang, Yue},
	booktitle={Proceedings of the 2020 Conference on Empirical Methods in Natural Language Processing (EMNLP)},
	pages={446--469},
	year={2020}
}

@inproceedings{kryscinski2020evaluating,
	title={Evaluating the Factual Consistency of Abstractive Text Summarization},
	author={Kry{\'s}ci{\'n}ski, Wojciech and McCann, Bryan and Xiong, Caiming and Socher, Richard},
	booktitle={Proceedings of the 2020 Conference on Empirical Methods in Natural Language Processing (EMNLP)},
	pages={9332--9346},
	year={2020}
}

@inproceedings{brodersen2010balanced,
	title={The balanced accuracy and its posterior distribution},
	author={Brodersen, Kay Henning and Ong, Cheng Soon and Stephan, Klaas Enno and Buhmann, Joachim M},
	booktitle={2010 20th international conference on pattern recognition},
	pages={3121--3124},
	year={2010},
	organization={IEEE}
}

@article{touvron2023llama,
	title={Llama: Open and efficient foundation language models},
	author={Touvron, Hugo and Lavril, Thibaut and Izacard, Gautier and Martinet, Xavier and Lachaux, Marie-Anne and Lacroix, Timoth{\'e}e and Rozi{\`e}re, Baptiste and , Naman and Hambro, Eric and Azhar, Faisal and others},
	journal={arXiv preprint arXiv:2302.13971},
	year={2023}
}

@inproceedings{laban2021keep,
	title={Keep It Simple: Unsupervised Simplification of Multi-Paragraph Text},
	author={Laban, Philippe and Schnabel, Tobias and Bennett, Paul and Hearst, Marti A},
	booktitle={Proceedings of the 59th Annual Meeting of the Association for Computational Linguistics and the 11th International Joint Conference on Natural Language Processing (Volume 1: Long Papers)},
	pages={6365--6378},
	year={2021}
}

@inproceedings{goyal2020evaluating,
	title={Evaluating Factuality in Generation with Dependency-level Entailment},
	author={Goyal, Tanya and Durrett, Greg},
	booktitle={Findings of the Association for Computational Linguistics: EMNLP 2020},
	pages={3592--3603},
	year={2020}
}

@inproceedings{durmus2020feqa,
	title={FEQA: A Question Answering Evaluation Framework for Faithfulness Assessment in Abstractive Summarization},
	author={Durmus, Esin and He, He and Diab, Mona},
	booktitle={Proceedings of the 58th Annual Meeting of the Association for Computational Linguistics},
	pages={5055--5070},
	year={2020}
}

@inproceedings{scialom2021questeval,
	title={QuestEval: Summarization Asks for Fact-based Evaluation},
	author={Scialom, Thomas and Dray, Paul-Alexis and Lamprier, Sylvain and Piwowarski, Benjamin and Staiano, Jacopo and Wang, Alex and Gallinari, Patrick},
	booktitle={Proceedings of the 2021 Conference on Empirical Methods in Natural Language Processing},
	pages={6594--6604},
	year={2021}
}

@inproceedings{nallapati2016abstractive,
	title={Abstractive Text Summarization using Sequence-to-sequence RNNs and Beyond},
	author={Nallapati, Ramesh and Zhou, Bowen and dos Santos, Cicero and Gul{\c{c}}ehre, {\c{C}}a{\u{g}}lar and Xiang, Bing},
	booktitle={Proceedings of the 20th SIGNLL Conference on Computational Natural Language Learning},
	pages={280--290},
	year={2016}
}

@article{yuan2021bartscore,
	title={Bartscore: Evaluating generated text as text generation},
	author={Yuan, Weizhe and Neubig, Graham and Liu, Pengfei},
	journal={Advances in Neural Information Processing Systems},
	volume={34},
	pages={27263--27277},
	year={2021}
}


@inproceedings{lin2004rouge,
	title={Rouge: A package for automatic evaluation of summaries},
	author={Lin, Chin-Yew},
	booktitle={Text summarization branches out},
	pages={74--81},
	year={2004}
}

@inproceedings{banerjee2005meteor,
	title={METEOR: An automatic metric for MT evaluation with improved correlation with human judgments},
	author={Banerjee, Satanjeev and Lavie, Alon},
	booktitle={Proceedings of the acl workshop on intrinsic and extrinsic evaluation measures for machine translation and/or summarization},
	pages={65--72},
	year={2005}
}

@inproceedings{papineni2002bleu,
	title={Bleu: a method for automatic evaluation of machine translation},
	author={Papineni, Kishore and Roukos, Salim and Ward, Todd and Zhu, Wei-Jing},
	booktitle={Proceedings of the 40th annual meeting of the Association for Computational Linguistics},
	pages={311--318},
	year={2002}
}

@inproceedings{zhangbertscore,
	title={BERTScore: Evaluating Text Generation with BERT},
	author={Zhang, Tianyi and Kishore, Varsha and Wu, Felix and Weinberger, Kilian Q and Artzi, Yoav},
	booktitle={International Conference on Learning Representations},
	year = {2019}
}

@article{chen2023evaluating,
	title={Evaluating Factual Consistency of Summaries with Large Language Models},
	author={Chen, Shiqi and Gao, Siyang and He, Junxian},
	journal={arXiv preprint arXiv:2305.14069},
	year={2023}
}

@article{ranaldi2023trip,
	title={A Trip Towards Fairness: Bias and De-Biasing in Large Language Models},
	author={Ranaldi, Leonardo and Ruzzetti, Elena Sofia and Venditti, Davide and Onorati, Dario and Zanzotto, Fabio Massimo},
	journal={arXiv preprint arXiv:2305.13862},
	year={2023}
}

@inproceedings{nadeem2021stereoset,
	title={StereoSet: Measuring stereotypical bias in pretrained language models},
	author={Nadeem, Moin and Bethke, Anna and Reddy, Siva},
	booktitle={Proceedings of the 59th Annual Meeting of the Association for Computational Linguistics and the 11th International Joint Conference on Natural Language Processing (Volume 1: Long Papers)},
	pages={5356--5371},
	year={2021}
}

@article{hoffmann2022empirical,
	title={An empirical analysis of compute-optimal large language model training},
	author={Hoffmann, Jordan and Borgeaud, Sebastian and Mensch, Arthur and Buchatskaya, Elena and Cai, Trevor and Rutherford, Eliza and de Las Casas, Diego and Hendricks, Lisa Anne and Welbl, Johannes and Clark, Aidan and others},
	journal={Advances in Neural Information Processing Systems},
	volume={35},
	pages={30016--30030},
	year={2022}
}


@inproceedings{gpt3,
 author = {Brown, Tom and Mann, Benjamin and Ryder, Nick and Subbiah, Melanie and Kaplan, Jared D and Dhariwal, Prafulla and Neelakantan, Arvind and Shyam, Pranav and Sastry, Girish and Askell, Amanda and Agarwal, Sandhini and Herbert-Voss, Ariel and Krueger, Gretchen and Henighan, Tom and Child, Rewon and Ramesh, Aditya and Ziegler, Daniel and Wu, Jeffrey and Winter, Clemens and Hesse, Chris and Chen, Mark and Sigler, Eric and Litwin, Mateusz and Gray, Scott and Chess, Benjamin and Clark, Jack and Berner, Christopher and McCandlish, Sam and Radford, Alec and Sutskever, Ilya and Amodei, Dario},
 booktitle = {Advances in Neural Information Processing Systems},
 editor = {H. Larochelle and M. Ranzato and R. Hadsell and M.F. Balcan and H. Lin},
 pages = {1877--1901},
 publisher = {Curran Associates, Inc.},
 title = {Language Models are Few-Shot Learners},
 url = {https://proceedings.neurips.cc/paper_files/paper/2020/file/1457c0d6bfcb4967418bfb8ac142f64a-Paper.pdf},
 volume = {33},
 year = {2020}
}

@misc{vicuna2023,
    title = {Vicuna: An Open-Source Chatbot Impressing GPT-4 with 90\%* ChatGPT Quality},
    url = {https://lmsys.org/blog/2023-03-30-vicuna/},
    author = {Chiang, Wei-Lin and Li, Zhuohan and Lin, Zi and Sheng, Ying and Wu, Zhanghao and Zhang, Hao and Zheng, Lianmin and Zhuang, Siyuan and Zhuang, Yonghao and Gonzalez, Joseph E. and Stoica, Ion and Xing, Eric P.},
    month = {March},
    year = {2023}
}

@inproceedings{honovich2021q2,
	title={Q2: Evaluating Factual Consistency in Knowledge-Grounded Dialogues via Question Generation and Question Answering},
	author={Honovich, Or and Choshen, Leshem and Aharoni, Roee and Neeman, Ella and Szpektor, Idan and Abend, Omri},
	booktitle={Proceedings of the 2021 Conference on Empirical Methods in Natural Language Processing},
	pages={7856--7870},
	year={2021}
}

@inproceedings{utama2022falsesum,
	title={Falsesum: Generating Document-level NLI Examples for Recognizing Factual Inconsistency in Summarization},
	author={Utama, Prasetya and Bambrick, Joshua and Moosavi, Nafise Sadat and Gurevych, Iryna},
	booktitle={Proceedings of the 2022 Conference of the North American Chapter of the Association for Computational Linguistics: Human Language Technologies},
	pages={2763--2776},
	year={2022}
}

@inproceedings{yin2021docnli,
	title={DocNLI: A Large-scale Dataset for Document-level Natural Language Inference},
	author={Yin, Wenpeng and Radev, Dragomir and Xiong, Caiming},
	booktitle={Findings of the Association for Computational Linguistics: ACL-IJCNLP 2021},
	pages={4913--4922},
	year={2021}
}

@inproceedings{xie2021factual,
	title={Factual Consistency Evaluation for Text Summarization via Counterfactual Estimation},
	author={Xie, Yuexiang and Sun, Fei and Deng, Yang and Li, Yaliang and Ding, Bolin},
	booktitle={Findings of the Association for Computational Linguistics: EMNLP 2021},
	pages={100--110},
	year={2021}
}

@article{wang2023chatgpt,
	title={Is chatgpt a good nlg evaluator? a preliminary study},
	author={Wang, Jiaan and Liang, Yunlong and Meng, Fandong and Shi, Haoxiang and Li, Zhixu and Xu, Jinan and Qu, Jianfeng and Zhou, Jie},
	journal={arXiv preprint arXiv:2303.04048},
	year={2023}
}

@article{dziri2022faithdial,
	title={FaithDial: A Faithful Benchmark for Information-Seeking Dialogue},
	author={Dziri, Nouha and Kamalloo, Ehsan and Milton, Sivan and Zaiane, Osmar and Yu, Mo and Ponti, Edoardo M and Reddy, Siva},
	journal={Transactions of the Association for Computational Linguistics},
	volume={10},
	pages={1473--1490},
	year={2022}
}

@inproceedings{zhang2019paws,
	title={PAWS: Paraphrase Adversaries from Word Scrambling},
	author={Zhang, Yuan and Baldridge, Jason and He, Luheng},
	booktitle={Proceedings of the 2019 Conference of the North American Chapter of the Association for Computational Linguistics: Human Language Technologies, Volume 1 (Long and Short Papers)},
	pages={1298--1308},
	year={2019}
}

@article{taori2023alpaca,
	title={Alpaca: A strong, replicable instruction-following model},
	author={Taori, Rohan and Gulrajani, Ishaan and Zhang, Tianyi and Dubois, Yann and Li, Xuechen and Guestrin, Carlos and Liang, Percy and Hashimoto, Tatsunori B},
	journal={Stanford Center for Research on Foundation Models. https://crfm. stanford. edu/2023/03/13/alpaca. html},
	volume={3},
	number={6},
	pages={7},
	year={2023}
}

@inproceedings{narayan2018don,
	title={Don’t Give Me the Details, Just the Summary! Topic-Aware Convolutional Neural Networks for Extreme Summarization},
	author={Narayan, Shashi and Cohen, Shay B and Lapata, Mirella},
	booktitle={Proceedings of the 2018 Conference on Empirical Methods in Natural Language Processing},
	pages={1797--1807},
	year={2018}
}

@inproceedings{miao2021prevent,
	title={Prevent the Language Model from being Overconfident in Neural Machine Translation},
	author={Miao, Mengqi and Meng, Fandong and Liu, Yijin and Zhou, Xiao-Hua and Zhou, Jie},
	booktitle={Proceedings of the 59th Annual Meeting of the Association for Computational Linguistics and the 11th International Joint Conference on Natural Language Processing (Volume 1: Long Papers)},
	pages={3456--3468},
	year={2021}
}

@inproceedings{Liu0Z22Opinion,
  author       = {Yizhu Liu and
                  Qi Jia and
                  Kenny Q. Zhu},
  title        = {Opinion Summarization by Weak-Supervision from Mix-structured Data},
  booktitle    = {Proceedings of the 2022 Conference on Empirical Methods in Natural  Language Processing, {EMNLP} 2022, Abu Dhabi, United Arab Emirates, December 7-11, 2022},
  pages        = {3086--3096},
  publisher    = {Association for Computational Linguistics},
  year         = {2022}
}

@inproceedings{Liu0Z22Ref,
  author       = {Yizhu Liu and
                  Qi Jia and
                  Kenny Q. Zhu},
  title        = {Reference-free Summarization Evaluation via Semantic Correlation and Compression Ratio},
  booktitle    = {Proceedings of the 2022 Conference of the North American Chapter of the Association for Computational Linguistics: Human Language Technologies, {NAACL} 2022, Seattle, WA, United States, July 10-15, 2022},
  pages        = {2109--2115},
  publisher    = {Association for Computational Linguistics},
  year         = {2022}
}

@inproceedings{LiuJZ21,
  author       = {Yizhu Liu and
                  Qi Jia and
                  Kenny Q. Zhu},
  title        = {Keyword-aware Abstractive Summarization by Extracting Set-level Intermediate Summaries},
  booktitle    = {{WWW} '21: The Web Conference 2021, Virtual Event / Ljubljana, Slovenia, April 19-23, 2021},
  pages        = {3042--3054},
  publisher    = {{ACM} / {IW3C2}},
  year         = {2021}
}

@inproceedings{egan2022play,
	title={Play the shannon game with language models: A human-free approach to summary evaluation},
	author={Egan, Nicholas and Vasilyev, Oleg and Bohannon, John},
	booktitle={Proceedings of the AAAI Conference on Artificial Intelligence},
	volume={36},
	number={10},
	pages={10599--10607},
	year={2022}
}
