@online{openstreetmap,
	author = {Steve Coast},
	title = {OpenStreetMap},
	year = 2004,
	url = {http://www.openstreetmap.com},
	urldate = {2016-01-30}
}

@misc{coordinatechange,
    title = {EvilTransform},
    author = {Googol Lee},
    year = 2015,
    howpublished = "\url{https://github.com/googollee/eviltransform/}"
}

@online{mct,
    title = {Major domestic tile map system and calculation},
	year = 2016,
	url = {http://cntchen.github.io},
	uldate = {2016-05-09}
}

@misc{github,
    title = {openstreetmap-website},
	year = 2016,
	url = {http://github.com/openstreetmap/openstreetmap-website},
	uldate = {2016-06-23}
}

@article{multisvm,
  title={Geometric Construction Method of Linear SVM Multi-class Classifier},
  author={Tang, Ying and Ying-Zhen, L. I.},
  journal={Computer Engineering},
  volume={38},
  number={04},
  pages={152-154},
  year={2012},
			  }

@article{pedregosa2011scikit,
	title={Scikit-learn: Machine learning in Python},
	author={Pedregosa, Fabian and Varoquaux, Ga{\"e}l and Gramfort, Alexandre and Michel, Vincent and Thirion, Bertrand and Grisel, Olivier and Blondel, Mathieu and Prettenhofer, Peter and Weiss, Ron and Dubourg, Vincent and others},
	journal={JMLR},
	volume={12},
	pages={2825--2830},
	year={2011}
}

@article{fan2008liblinear,
	title={{LIBLINEAR}: A library for large linear classification},
	author={Fan, Rong-En and Chang, Kai-Wei and Hsieh, Cho-Jui and Wang, Xiang-Rui and Lin, Chih-Jen},
	journal={JMLR},
	volume={9},
	pages={1871--1874},
	year={2008}
}

@article{chang2011libsvm,
	title={{LIBSVM}: a library for support vector machines},
	author={Chang, Chih-Chung and Lin, Chih-Jen},
	journal={ACM TIST},
	volume={2},
	number={3},
	pages={27},
	year={2011}
}

@article{cortes1995support,
	title={Support-vector networks},
	author={Cortes, Corinna and Vapnik, Vladimir},
	journal={Machine learning},
	volume={20},
	number={3},
	pages={273--297},
	year={1995}
}

@incollection{knerr1990single,
	title={Single-layer learning revisited: a stepwise procedure for building and training a neural network},
	author={Knerr, Stefan and Personnaz, L{\'e}on and Dreyfus, G{\'e}rard},
	booktitle={Neurocomputing},
	pages={41--50},
	year={1990}
}

@article{freund1997decision,
	title={A decision-theoretic generalization of on-line learning and an application to boosting},
	author={Freund, Yoav and Schapire, Robert E},
	journal={Journal of computer and system sciences},
	volume={55},
	number={1},
	pages={119--139},
	year={1997}
}

@article{hastie2005elements,
	title={The elements of statistical learning: data mining, inference and prediction},
	author={Hastie, Trevor and Tibshirani, Robert and Friedman, Jerome and Franklin, James},
	journal={The Mathematical Intelligencer},
	volume={27},
	number={2},
	pages={83--85},
	year={2005}
}

@article{fan2005working,
	title={Working set selection using second order information for training support vector machines},
	author={Fan, Rong-En and Chen, Pai-Hsuen and Lin, Chih-Jen},
	journal={JMLR},
	volume={6},
	pages={1889--1918},
	year={2005}
}

@article{sarle1997neural,
	title={Neural network FAQ},
	author={Sarle, Warren S and others},
	journal={Periodic posting to the Usenet newsgroup comp. ai. neural-nets},
	year={1997}
}

@article{Colak2016,
	author = {{\c{C}}olak, Serdar and Lima, Antonio and Gonz{\'{a}}lez, Marta C},
	doi = {10.1038/ncomms10793},
	journal = {Nature communications},
	pages = {10793},
	title = {{Understanding congested travel in urban areas.}},
	url = {http://www.nature.com/ncomms/2016/160315/ncomms10793/full/ncomms10793.html},
	volume = {7},
	year = {2016}
}
@article{Horvitz2012,
	author = {Horvitz, Eric J. and Apacible, Johnson and Sarin, Raman and Liao, Lin},
	journal = {Conference on Uncertainty in Artificial Intelligence},
	pages = {1--10},
	title = {{Prediction, Expectation, and Surprise: Methods, Designs, and Study of a Deployed Traffic Forecasting Service}},
	year = {2012}
}
@article{Mchugh2015,
	author = {Mchugh, Declan},
	title = {{Traffic Prediction and Analysis using a Big Data and Visualisation Approach}},
	year = {2015}
}
@article{Pan2012,
	author = {Pan, Bei and Demiryurek, Ugur and Shahabi, Cyrus},
	journal = {Proceedings - IEEE International Conference on Data Mining, ICDM},
	pages = {595--604},
	title = {{Utilizing real-world transportation data for accurate traffic prediction}},
	year = {2012}
}
@article{Qi2014,
	author = {Qi, Yan and Ishak, Sherif},
	journal = {Transportation Research Part C: Emerging Technologies},
	pages = {95--111},
	title = {{A Hidden Markov Model for short term prediction of traffic conditions on freeways}},
	volume = {43},
	year = {2014}
}
@article{Ren2014,
	author = {Ren, Yihui and Ercsey-Ravasz, M{\'{a}}ria and Wang, Pu and Gonz{\'{a}}lez, Marta C and Toroczkai, Zolt{\'{a}}n},
	journal = {Nature communications},
	pages = {5347},
	title = {{Predicting commuter flows in spatial networks using a radiation model based on temporal ranges.}},
	volume = {5},
	year = {2014}
}
@article{Schnitzler2014,
	author = {Schnitzler, Fran??ois and Liebig, Thomas and Mannor, Shie and Morik, Katharina},
	journal = {CEUR Workshop Proceedings},
	number = {2},
	pages = {373--374},
	title = {{Combining a gauss-markov model and gaussian process for traffic prediction in dublin city center}},
	volume = {1133},
	year = {2014}
}
@article{Simini2012,
	author = {Simini, Filippo and Gonz{\'{a}}lez, Marta C and Maritan, Amos and Barab{\'{a}}si, Albert-L{\'{a}}szl{\'{o}}},
	journal = {Nature},
	number = {7392},
	pages = {96--100},
	title = {{A universal model for mobility and migration patterns}},
	volume = {484},
	year = {2012}
}
@article{Xu2015,
	author = {Xu, Jie and Deng, Dingxiong and Demiryurek, Ugur and Shahabi, Cyrus and Schaar, Mihaela Van Der},
	doi = {10.1109/ICDMW.2014.102},
	file = {:D$\backslash$:/Research/Traffic Prediction/Papers/xu-sstdm14.pdf:pdf},
	isbn = {9781479942749},
	issn = {23759259},
	journal = {IEEE International Conference on Data Mining Workshops, ICDMW},
	number = {January},
	pages = {43--46},
	title = {{Context-aware online spatiotemporal traffic prediction}},
	volume = {2015-Janua},
	year = {2015}
}
@article{Xu2015a,
	author = {Xu, Jie and Deng, Dingxiong and Demiryurek, Ugur and Shahabi, Cyrus and Schaar, Mihaela Van Der},
	journal = {IEEE Journal on Selected Topics in Signal Processing},
	number = {4},
	pages = {702--715},
	title = {{Mining the Situation: Spatiotemporal Traffic Prediction with Big Data}},
	volume = {9},
	year = {2015}
}
@article{Xu2014,
	author = {Xu, Yanyan and Kong, Qing Jie and Klette, Reinhard and Liu, Yuncai},
	journal = {IEEE TITS},
	number = {6},
	pages = {2457--2469},
	title = {{Accurate and interpretable bayesian MARS for traffic flow prediction}},
	volume = {15},
	year = {2014}
}
@article{ frey07affinitypropagation,
	author = "Brendan J. Frey and Delbert Dueck",
	title = "Clustering by Passing Messages Between Data Points",
	journal = "Science",
	volume = "315",
	pages = "972--976",
	year = "2007",
	url = "www.psi.toronto.edu/affinitypropagation" }
@ARTICLE{4082128, 
	author={P. E. Hart and N. J. Nilsson and B. Raphael}, 
	journal={IEEE Transactions on Systems Science and Cybernetics}, 
	title={A Formal Basis for the Heuristic Determination of Minimum Cost Paths}, 
	year={1968}, 
	volume={4}, 
	number={2}, 
	pages={100-107}, 
	keywords={Automatic control;Automatic programming;Chemical technology;Costs;Functional programming;Gradient methods;Instruction sets;Mathematical programming;Minimax techniques;Minimization methods}, 
	doi={10.1109/TSSC.1968.300136}, 
	ISSN={0536-1567}, 
	month={July},}
@article{dijkstra1959note,
	title={A note on two problems in connexion with graphs},
	author={Dijkstra, Edsger W},
	journal={Numerische mathematik},
	volume={1},
	number={1},
	pages={269--271},
	year={1959},
	publisher={Springer}
}

@article{osuna1997support,
	title={Support vector machines: Training and applications},
	author={Osuna, Edgar and Freund, Robert and Girosi, Federico},
	year={1997}
}

@article{chawla2002smote,
	title={SMOTE: synthetic minority over-sampling technique},
	author={Chawla, Nitesh V. and Bowyer, Kevin W. and Hall, Lawrence O. and Kegelmeyer, W. Philip},
	journal={Journal of artificial intelligence research},
	pages={321--357},
	year={2002}
}


@article{Chan2012Neural,

	author={Chan, Kit Yan and Dillon, Tharam S. and Singh, Jaipal and Chang, Elizabeth},
	title={Neural-Network-Based Models for Short-Term Traffic Flow Forecasting Using a Hybrid Exponential Smoothing and Levenberg-Marquardt Algorithm},
 	author={Chan, Kit Yan and Dillon, Tharam S. and Singh, Jaipal and Chang, Elizabeth},
 	journal={IEEE TITS},
 	volume={13},
 	number={2},
 	pages={644-654},
 	year={2012}
}


@article{zhang2014hybrid,
  title={A hybrid short-term traffic flow forecasting method based on spectral analysis and statistical volatility model},
  author={Zhang, Yanru and Zhang, Yunlong and Haghani, Ali},
  journal={Transportation Research Part C: Emerging Technologies},
  volume={43},
  pages={65--78},
  year={2014},
  publisher={Elsevier}
}

@inproceedings{Petrlik2015Towards,
  title={Towards Robust and Accurate Traffic Prediction Using Parallel Multiobjective Genetic Algorithms and Support Vector Regression},
  author={Petrlik, J. and Sekanina, L.},
  booktitle={IEEE Intl. Conf. on Intel. Trans. Sys.},
  pages={2231-2236},
  year={2015},
}

@inproceedings{Zhang2015Hybrid,
  title={Hybrid Traffic Speed Modeling and Prediction Using Real-World Data},
  author={Zhang, Rong and Shu, Yuanchao and Yang, Zequ and Cheng, Peng},
  booktitle={IEEE International Congress on Big Data},
  year={2015},
}

@inproceedings{Bierlaire1998DynaMIT,
  title={{DynaMIT}: a simulation-based system for traffic prediction and guidance generation},
  author={Bierlaire, Michel},
  booktitle={TRISTAN III},
  year={1998}
}

@article{Clark2003Traffic,
  title={Traffic Prediction Using Multivariate Nonparametric Regression},
  author={Clark, Stephen},
  journal={J. of Trans. Eng.},
  volume={129},
  number={2},
  pages={161-168},
  year={2003},
}
@article{Gehrke2014NATURAL,
  title={NATURAL INDUCTION APPROACH TO TRAFFIC PREDICTION FOR AUTONOMOUS AGENT-BASED VEHICLE ROUTE PLANNING},
  author={Gehrke, Jan D. and Wojtusiak, Janusz and Gehrke, Jan D.},
  year={2014},
}

@inproceedings{KDD2011Driving,
  title={Driving with knowledge from the physical world},
  author={Yuan, Jing and Zheng, Yu and Xie, Xing and Sun, Guangzhong},
  booktitle={SIGKDD},
  pages={316-324},
  year={2011}
  
}

@book{ARIMA,
  title={Box and Jenkins: Time Series Analysis, Forecasting and Control},
  author={Box, George},
  publisher={Palgrave Macmillan UK},
  year={2013},
}

@article{ES,
  title={SHORT-RANGE INTERCITY TRAFFIC FORECASTING USING ECONOMETRIC TECHNIQUES},
  author={Marshment, R S and Dauffenbach, R C and Penn, D A},
  journal={ITE Journal},
  volume={66},
  number={2},
  pages={37,40-43},
  year={1996},
}


@article{ES2,
  title={URBAN FREEWAY TRAFFIC FLOW PREDICTION: APPLICATION OF SEASONAL AUTOREGRESSIVE INTEGRATED MOVING AVERAGE AND EXPONENTIAL SMOOTHING MODELS},
  author={Williams, Billy and Durvasula, Priya and Brown, Donald},
  journal={Transportation Research Record},
  volume={1644},
  number={1644},
  pages={132-141},
  year={1998},
}

@article{Xiao2003Fuzzy,
  title={Fuzzy-Neural Network Traffic Prediction Framework with Wavelet Decomposition},
  author={Xiao, Heng and Sun, Hongyu and Ran, Bin},
  journal={Transportation Research Record Journal of the Transportation Research Board},
  volume={1836},
  number={1},
  year={2003},
}

@article{Ishak2004Optimizing,
  title={Optimizing Traffic Prediction Performance of Neural Networks under Various Topological, Input, and Traffic Condition Settings},
  author={Ishak, Sherif and Alecsandru, Ciprian and Graduate Student},
  journal={J. of Trans. Eng.},
  volume={130},
  number={4},
  pages={452-465},
  year={2004},
}
@article{Lint2005Accurate,
  title={Accurate freeway travel time prediction with state-space neural networks under missing data},
  author={Lint, J. W. C. Van and Hoogendoorn, S. P. and Zuylen, H. J. Van},
  journal={Transportation Research Part C Emerging Technologies},
  volume={13},
  number={5-6},
  pages={347-369},
  year={2005},
}
@book{Stephanedes1981IMPROVED,
  title={Improved estimation of traffic flow for real-time control.},
  author={Stephanedes, Yorgos J and Michalopoulos, Panos G and Plum, Roger A},
  year={1981},
}

@article{Messer1998Short,
  title={Short-Term Freeway Traffic Volume Forecasting Using Radial Basis Function Neural Network},
  author={Messer, Carroll and Thomas Urbanik, I. I.},
  journal={Transportation Research Record Journal of the Transportation Research Board},
  volume={1651},
  number={1},
  pages={39-47},
  year={1998},
}

@article{Chawla2011SMOTE,
 title={{SMOTE}: synthetic minority over-sampling technique},
 author={Chawla, Nitesh V. and Bowyer, Kevin W. and Hall, Lawrence O. and Kegelmeyer, W. Philip},
 journal={JAIR},
 volume={16},
 number={1},
 pages={321-357},
 year={2011},
}

@article{S2015SMOTE,
 title={{SMOTE-IPF}: Addressing the noisy and borderline examples problem in imbalanced classification by a re-sampling method with filtering},
 author={S\'{a}ez, Jos\'{e'} A. and Luengo, Juli\'{a}n and Stefanowski, 
Jerzy and Herrera, Francisco},
 journal={Information Sciences},
 volume={291},
 number={5},
 pages={184-203},
 year={2015},
}


@article{psh,
 title={A Effective Method of Transformation between {WGS-84} and Local Coordinate System},
 author={Chao-ming Liao, Wei-ping Jiang, Yun-sen Qin},
 journal={ Bulletin of Surveying and Mapping},
 year={2008},
}

@article{14,
 title={Semi-Supervised Learning Literature Survey},
 author={Zhu, Xiaojin},
 journal={Computer Science},
 volume={37},
 number={1},
 pages={63-77},
 year={2008},
}
@article{15,
 title={Text Classification from Labeled and Unlabeled Documents using EM},
 author={Nigam, Kamal and Mccallum, Andrew Kachites and Thrun, Sebastian and Mitchell, Tom},
 journal={Machine Learning},
 volume={39},
 number={2-3},
 pages={103-134},
 year={2000},
}
@inproceedings{16,
 title={Combining Labeled and Unlabeled Sata with Co-Training},
 author={Blum, Avrim and Mitchell, Tom M.},
 booktitle={Eleventh Conference on Computational Learning Theory, COLT 1998, Madison, Wisconsin, Usa, July},
 pages={92-100},
 year={1998},
}

@article{17,
 title={Transductive Inference for Text Classification Using Support Vector Machines},
 author={Joachims, Thorsten},
 year={2015},
}


@article{Pan:Survey,
 title={A Survey on Transfer Learning},
 author={Pan, Sinno Jialin and Yang, Qiang},
 journal={IEEE TKDE},
 volume={22},
 number={10},
 pages={1345-1359},
 year={2010}
}

@article{Taylor:Survey,
 title={Transfer Learning for Reinforcement Learning Domains: A Survey.},
 author={Taylor, Matthew E. and Stone, Peter},
 journal={JMLR},
 volume={10},
 number={10},
 pages={1633-1685},
 year={2009}
}

@article{Batista:2004:SBS:1007730.1007735,
	author = {Batista, Gustavo E. A. P. A. and Prati, Ronaldo C. and Monard, Maria Carolina},
	title = {A Study of the Behavior of Several Methods for Balancing Machine Learning Training Data},
	journal = {SIGKDD Explor. Newsl.},
	volume = {6},
	number = {1},
	year = {2004},
	pages = {20--29}
} 


