 % Use this file for citations not found in the ACL Anthology (contained in "anthology.bib").
 
 @article{maegawa2021new,
 	title={A new survey method using convolutional neural networks for automatic classification of bird calls},
 	author={Maegawa, Yuko and Ushigome, Yuji and Suzuki, Masato and Taguchi, Karen and Kobayashi, Keigo and Haga, Chihiro and Matsui, Takanori},
 	journal={Ecological Informatics},
 	volume={61},
 	pages={101164},
 	year={2021},
 	publisher={Elsevier}
 }
 
 @inproceedings{jasim2022classify,
 	title={Classify bird species audio by augment convolutional neural network},
 	author={Jasim, Hasan Abdullah and Ahmed, Saadaldeen R and Ibrahim, Abdullahi Abdu and Duru, Adil Deniz},
 	booktitle={2022 International Congress on Human-Computer Interaction, Optimization and Robotic Applications (HORA)},
 	pages={1--6},
 	year={2022},
 	organization={IEEE}
 }
 
 @article{hare2005human,
 	title={Human-like social skills in dogs?},
 	author={Hare, Brian and Tomasello, Michael},
 	journal={Trends in cognitive sciences},
 	volume={9},
 	number={9},
 	pages={439--444},
 	year={2005},
 	publisher={Elsevier}
 }
 
 @book{fitch2010evolution,
 	title={The evolution of language},
 	author={Fitch, W Tecumseh},
 	year={2010},
 	publisher={Cambridge University Press}
 }

@inproceedings{huang2023transcribing,
  title={Transcribing Vocal Communications of Domestic Shiba lnu Dogs},
  author={Huang, Jieyi and Zhang, Chunhao and Wu, Mengyue and Zhu, Kenny},
  booktitle={Findings of the Association for Computational Linguistics: ACL 2023},
  pages={13819--13832},
  year={2023}
}

@article{hsu2021hubert,
  title={Hubert: Self-supervised speech representation learning by masked prediction of hidden units},
  author={Hsu, Wei-Ning and Bolte, Benjamin and Tsai, Yao-Hung Hubert and Lakhotia, Kushal and Salakhutdinov, Ruslan and Mohamed, Abdelrahman},
  journal={IEEE/ACM Transactions on Audio, Speech, and Language Processing},
  volume={29},
  pages={3451--3460},
  year={2021},
  publisher={IEEE}
}

@article{liu2023separate,
  title={Separate anything you describe},
  author={Liu, Xubo and Kong, Qiuqiang and Zhao, Yan and Liu, Haohe and Yuan, Yi and Liu, Yuzhuo and Xia, Rui and Wang, Yuxuan and Plumbley, Mark D and Wang, Wenwu},
  journal={arXiv preprint arXiv:2308.05037},
  year={2023}
}

@inproceedings{gemmeke2017audio,
  title={Audio set: An ontology and human-labeled dataset for audio events},
  author={Gemmeke, Jort F and Ellis, Daniel PW and Freedman, Dylan and Jansen, Aren and Lawrence, Wade and Moore, R Channing and Plakal, Manoj and Ritter, Marvin},
  booktitle={2017 IEEE international conference on acoustics, speech and signal processing (ICASSP)},
  pages={776--780},
  year={2017},
  organization={IEEE}
}

@inproceedings{chen2020vggsound,
  title={Vggsound: A large-scale audio-visual dataset},
  author={Chen, Honglie and Xie, Weidi and Vedaldi, Andrea and Zisserman, Andrew},
  booktitle={ICASSP 2020-2020 IEEE International Conference on Acoustics, Speech and Signal Processing (ICASSP)},
  pages={721--725},
  year={2020},
  organization={IEEE}
}

@inproceedings{kim2019audiocaps,
  title={Audiocaps: Generating captions for audios in the wild},
  author={Kim, Chris Dongjoo and Kim, Byeongchang and Lee, Hyunmin and Kim, Gunhee},
  booktitle={Proceedings of the 2019 Conference of the North American Chapter of the Association for Computational Linguistics: Human Language Technologies, Volume 1 (Long and Short Papers)},
  pages={119--132},
  year={2019}
}

@article{wang2023towards,
  title={Towards Lexical Analysis of Dog Vocalizations via Online Videos},
  author={Wang, Yufei and Zhang, Chunhao and Huang, Jieyi and Wu, Mengyue and Zhu, Kenny},
  journal={arXiv preprint arXiv:2309.13086},
  year={2023}
}

@article{kong2020panns,
  title={Panns: Large-scale pretrained audio neural networks for audio pattern recognition},
  author={Kong, Qiuqiang and Cao, Yin and Iqbal, Turab and Wang, Yuxuan and Wang, Wenwu and Plumbley, Mark D},
  journal={IEEE/ACM Transactions on Audio, Speech, and Language Processing},
  volume={28},
  pages={2880--2894},
  year={2020},
  publisher={IEEE}
}

@inproceedings{hagiwara2023aves,
  title={AVES: Animal Vocalization Encoder Based on Self-Supervision},
  author={Hagiwara, Masato},
  booktitle={ICASSP 2023-2023 IEEE International Conference on Acoustics, Speech and Signal Processing (ICASSP)},
  pages={1--5},
  year={2023},
  organization={IEEE}
}

@article{rutz2023using,
  title={Using machine learning to decode animal communication},
  author={Rutz, Christian and Bronstein, Michael and Raskin, Aza and Vernes, Sonja C and Zacarian, Katherine and Blasi, Dami{\'a}n E},
  journal={Science},
  volume={381},
  number={6654},
  pages={152--155},
  year={2023},
  publisher={American Association for the Advancement of Science}
}

@inproceedings{ide2021rescue,
  title={Rescue dog action recognition by integrating ego-centric video, sound and sensor information},
  author={Ide, Yuta and Araki, Tsuyohito and Hamada, Ryunosuke and Ohno, Kazunori and Yanai, Keiji},
  booktitle={Pattern Recognition. ICPR International Workshops and Challenges: Virtual Event, January 10--15, 2021, Proceedings, Part III},
  pages={321--333},
  year={2021},
  organization={Springer}
}

@inproceedings{ehsani2018let,
  title={Who let the dogs out? modeling dog behavior from visual data},
  author={Ehsani, Kiana and Bagherinezhad, Hessam and Redmon, Joseph and Mottaghi, Roozbeh and Farhadi, Ali},
  booktitle={Proceedings of the IEEE Conference on Computer Vision and Pattern Recognition},
  pages={4051--4060},
  year={2018}
}

@article{molnar2008classification,
  title={Classification of dog barks: a machine learning approach},
  author={Moln{\'a}r, Csaba and Kaplan, Fr{\'e}d{\'e}ric and Roy, Pierre and Pachet, Fran{\c{c}}ois and Pongr{\'a}cz, P{\'e}ter and D{\'o}ka, Antal and Mikl{\'o}si, {\'A}d{\'a}m},
  journal={Animal Cognition},
  volume={11},
  pages={389--400},
  year={2008},
  publisher={Springer}
}

@article{larranaga2015comparing,
  title={Comparing supervised learning methods for classifying sex, age, context and individual Mudi dogs from barking},
  author={Larranaga, Ana and Bielza, Concha and Pongr{\'a}cz, P{\'e}ter and Farag{\'o}, Tam{\'a}s and B{\'a}lint, Anna and Larranaga, Pedro},
  journal={Animal cognition},
  volume={18},
  number={2},
  pages={405--421},
  year={2015},
  publisher={Springer}
}

@inproceedings{hantke2018my,
  title={What is my dog trying to tell me? The automatic recognition of the context and perceived emotion of dog barks},
  author={Hantke, Simone and Cummins, Nicholas and Schuller, Bjorn},
  booktitle={2018 IEEE International Conference on Acoustics, Speech and Signal Processing (ICASSP)},
  pages={5134--5138},
  year={2018},
  organization={IEEE}
}

@article{pongracz2006acoustic,
  title={Acoustic parameters of dog barks carry emotional information for humans},
  author={Pongr{\'a}cz, P{\'e}ter and Moln{\'a}r, Csaba and Miklosi, Adam},
  journal={Applied Animal Behaviour Science},
  volume={100},
  number={3-4},
  pages={228--240},
  year={2006},
  publisher={Elsevier}
}

@article{paladini2020bark,
  title={The bark and its meanings in inter and intra-specific language},
  author={Paladini, Aleida},
  journal={Dog behavior},
  volume={6},
  number={1},
  pages={21--30},
  year={2020}
}

@article{robbins2000vocal,
  title={Vocal communication in free-ranging African wild dogs (Lycaon pictus)},
  author={Robbins, Robert L},
  journal={Behaviour},
  pages={1271--1298},
  year={2000},
  publisher={JSTOR}
}

@article{bermant2019deep,
  title={Deep machine learning techniques for the detection and classification of sperm whale bioacoustics},
  author={Bermant, Peter C and Bronstein, Michael M and Wood, Robert J and Gero, Shane and Gruber, David F},
  journal={Scientific reports},
  volume={9},
  number={1},
  pages={12588},
  year={2019},
  publisher={Nature Publishing Group UK London}
}

@book{holdcroft1991saussure,
  title={Saussure: signs, system and arbitrariness},
  author={Holdcroft, David},
  year={1991},
  publisher={Cambridge University Press}
}

@book{ladefoged2006course,
	title={A course in phonetics},
	author={Ladefoged, Peter and Johnson, Keith and Ladefoged, Peter},
	volume={3},
	year={2006},
	publisher={Thomson Wadsworth Boston, MA}
}

@article{abzaliev2024towards,
	title={Towards Dog Bark Decoding: Leveraging Human Speech Processing for Automated Bark Classification},
	author={Abzaliev, Artem and Espinosa, Humberto P{\'e}rez and Mihalcea, Rada},
	journal={arXiv preprint arXiv:2404.18739},
	year={2024}
}

@article{hagiwara2024ispa,
	title={ISPA: Inter-Species Phonetic Alphabet for Transcribing Animal Sounds},
	author={Hagiwara, Masato and Miron, Marius and Liu, Jen-Yu},
	journal={arXiv preprint arXiv:2402.03269},
	year={2024}
}

@book{trask2013dictionary,
	title={A dictionary of grammatical terms in linguistics},
	author={Trask, Robert Lawrence},
	year={2013},
	publisher={Routledge}
}

@book{matthews2014concise,
	title={The concise Oxford dictionary of linguistics},
	author={Matthews, Peter Hugoe},
	year={2014},
	publisher={Oxford University Press, USA}
}

@article{berthet2023animal,
	title={Animal linguistics: a primer},
	author={Berthet, M{\'e}lissa and Coye, Camille and Dezecache, Guillaume and Kuhn, Jeremy},
	journal={Biological reviews},
	volume={98},
	number={1},
	pages={81--98},
	year={2023},
	publisher={Wiley Online Library}
}

@inproceedings{wang2016temporal,
	title={Temporal segment networks: Towards good practices for deep action recognition},
	author={Wang, Limin and Xiong, Yuanjun and Wang, Zhe and Qiao, Yu and Lin, Dahua and Tang, Xiaoou and Van Gool, Luc},
	booktitle={European conference on computer vision},
	pages={20--36},
	year={2016},
	organization={Springer}
}

@article{Yin2004BarkingID,
	title={Barking in domestic dogs: context specificity and individual identification},
	author={Sophia Yin and Brenda McCowan},
	journal={Animal Behaviour},
	year={2004},
	volume={68},
	pages={343-355},
	url={https://api.semanticscholar.org/CorpusID:16938966}
}

@article{freeman1935phoneme,
 ISSN = {00978507, 15350665},
 URL = {http://www.jstor.org/stable/522070},
 author = {W. Freeman Twaddell},
 journal = {Language},
 number = {1},
 pages = {5--62},
 publisher = {Linguistic Society of America},
 title = {On Defining the Phoneme},
 urldate = {2024-06-14},
 volume = {11},
 year = {1935}
}

@article{lee2015unsupervised,
  title={Unsupervised lexicon discovery from acoustic input},
  author={Lee, Chia-ying and O’donnell, Timothy J and Glass, James},
  journal={Transactions of the Association for Computational Linguistics},
  volume={3},
  pages={389--403},
  year={2015},
  publisher={MIT Press One Rogers Street, Cambridge, MA 02142-1209, USA journals-info~…}
}

@article{park2007unsupervised,
  title={Unsupervised pattern discovery in speech},
  author={Park, Alex S and Glass, James R},
  journal={IEEE Transactions on Audio, Speech, and Language Processing},
  volume={16},
  number={1},
  pages={186--197},
  year={2007},
  publisher={IEEE}
}

@inproceedings{schwartz1984improved,
  title={Improved hidden Markov modeling of phonemes for continuous speech recognition},
  author={Schwartz, Rich and Chow, Y and Roucos, S and Krasner, M and Makhoul, J},
  booktitle={ICASSP'84. IEEE International Conference on Acoustics, Speech, and Signal Processing},
  volume={9},
  pages={21--24},
  year={1984},
  organization={IEEE}
}

@article{johnson2006adaptor,
  title={Adaptor grammars: A framework for specifying compositional nonparametric Bayesian models},
  author={Johnson, Mark and Griffiths, Thomas and Goldwater, Sharon},
  journal={Advances in neural information processing systems},
  volume={19},
  year={2006}
}

@article{zhai2014online,
  title={Online adaptor grammars with hybrid inference},
  author={Zhai, Ke and Boyd-Graber, Jordan and Cohen, Shay B},
  journal={Transactions of the Association for Computational Linguistics},
  volume={2},
  pages={465--476},
  year={2014},
  publisher={MIT Press One Rogers Street, Cambridge, MA 02142-1209, USA journals-info~…}
}

@book{manning1999foundations,
  title={Foundations of statistical natural language processing},
  author={Manning, Christopher and Schutze, Hinrich},
  year={1999},
  publisher={MIT press}
}

@article{sharma2024contextual,
  title={Contextual and combinatorial structure in sperm whale vocalisations},
  author={Sharma, Pratyusha and Gero, Shane and Payne, Roger and Gruber, David F and Rus, Daniela and Torralba, Antonio and Andreas, Jacob},
  journal={Nature Communications},
  volume={15},
  number={1},
  pages={3617},
  year={2024},
  publisher={Nature Publishing Group UK London}
}

@article{pardo2024african,
  title={African elephants address one another with individually specific name-like calls},
  author={Pardo, Michael A and Fristrup, Kurt and Lolchuragi, David S and Poole, Joyce H and Granli, Petter and Moss, Cynthia and Douglas-Hamilton, Iain and Wittemyer, George},
  journal={Nature Ecology \& Evolution},
  pages={1--12},
  year={2024},
  publisher={Nature Publishing Group UK London}
}

@article{pitman1997two,
  title={The two-parameter Poisson-Dirichlet distribution derived from a stable subordinator},
  author={Pitman, Jim and Yor, Marc},
  journal={The Annals of Probability},
  pages={855--900},
  year={1997},
  publisher={JSTOR}
}

@article{ferguson1973bayesian,
  title={A Bayesian analysis of some nonparametric problems},
  author={Ferguson, Thomas S},
  journal={The annals of statistics},
  pages={209--230},
  year={1973},
  publisher={JSTOR}
}

@article{sudderth2008shared,
  title={Shared segmentation of natural scenes using dependent Pitman-Yor processes},
  author={Sudderth, Erik and Jordan, Michael},
  journal={Advances in neural information processing systems},
  volume={21},
  year={2008}
}

@article{baevski2021unsupervised,
  title={Unsupervised speech recognition},
  author={Baevski, Alexei and Hsu, Wei-Ning and Conneau, Alexis and Auli, Michael},
  journal={Advances in Neural Information Processing Systems},
  volume={34},
  pages={27826--27839},
  year={2021}
}
