@inproceedings{DBLP:conf/icpr/Gil-GarciaBP06,
  author    = {Reynaldo Gil-Garc\'{\i}a and
               Jos{\'e} Manuel Bad\'{\i}a-Contelles and
               Aurora Pons-Porrata},
  title     = {A General Framework for Agglomerative Hierarchical Clustering
               Algorithms},
  booktitle = {ICPR (2)},
  year      = {2006},
  pages     = {569-572},
}

@inproceedings{DBLP:conf/icde/AgrawalS95,
  author    = {Rakesh Agrawal and
               Ramakrishnan Srikant},
  title     = {Mining Sequential Patterns},
  booktitle = {ICDE},
  year      = {1995},
  pages     = {3-14},
}

@inproceedings{DBLP:conf/edbt/SrikantA96,
  author    = {Ramakrishnan Srikant and
               Rakesh Agrawal},
  title     = {Mining Sequential Patterns: Generalizations and Performance
               Improvements},
  booktitle = {EDBT},
  year      = {1996},
  pages     = {3-17},
}

@ARTICLE{JYMINING,
author={Jiong Yang and Wei Wang and Yu, P.S.},
journal={Knowledge and Data Engineering, IEEE Transactions on}, 
title={Mining asynchronous periodic patterns in time series data},
year={2003},
month={may-june},
volume={15},
number={3},
pages={ 613 - 628},
doi={10.1109/TKDE.2003.1198394},
ISSN={1041-4347},}

@inproceedings{DBLP:conf/kdd/YangWY01,
  author    = {Jiong Yang and
               Wei Wang and
               Philip S. Yu},
  title     = {Infominer: mining surprising periodic patterns},
  booktitle = {KDD},
  year      = {2001},
  pages     = {395-400},
}

@ARTICLE{Discover_Freq,
author={Bettini, C. and Wang, X.S. and Jajodia, S. and Lin, J.-L.},
journal={Knowledge and Data Engineering, IEEE Transactions on},
title={Discovering frequent event patterns with multiple granularities in time sequences},
year={1998},
month={mar/apr},
volume={10},
number={2},
pages={222 -237},
doi={10.1109/69.683754},
ISSN={1041-4347},}

@inproceedings{DBLP:conf/kdd/GeS00,
  author    = {Xianping Ge and
               Padhraic Smyth},
  title     = {Deformable Markov model templates for time-series pattern
               matching},
  booktitle = {KDD},
  year      = {2000},
  pages     = {81-90},
}

@inproceedings{DBLP:conf/kdd/HanGY98,
  author    = {Jiawei Han and
               Wan Gong and
               Yiwen Yin},
  title     = {Mining Segment-Wise Periodic Patterns in Time-Related Databases},
  booktitle = {KDD},
  year      = {1998},
  pages     = {214-218},
}

@inproceedings{Guralnik:1999:EDT:312129.312190,
 author = {Guralnik, Valery and Srivastava, Jaideep},
 title = {Event detection from time series data},
 booktitle = {Proceedings of the fifth ACM SIGKDD international conference on Knowledge discovery and data mining},
 series = {KDD '99},
 year = {1999},
 pages = {33--42},
 publisher = {ACM},
 address = {New York, NY, USA},
}

@inproceedings{Oates:1999:IDS:312129.312268,
 author = {Oates, Tim},
 title = {Identifying distinctive subsequences in multivariate time series by clustering},
 booktitle = {Proceedings of the fifth ACM SIGKDD international conference on Knowledge discovery and data mining},
 series = {KDD '99},
 year = {1999},
 pages = {322--326},
 publisher = {ACM},
 address = {New York, NY, USA},
}

@INPROCEEDINGS{754913, 
author={Jiawei Han and Guozhu Dong and Yiwen Yin}, 
booktitle={Data Engineering, 1999. Proceedings., 15th International Conference on}, title={Efficient mining of partial periodic patterns in time series database}, 
year={1999}, 
month={mar}, 
volume={}, 
number={}, 
pages={106 -115}, 
doi={10.1109/ICDE.1999.754913}, 
ISSN={},}

@ARTICLE{1003838, 
 author={Ephraim, Y. and Merhav, N.}, 
 journal={Information Theory, IEEE Transactions on}, title={Hidden Markov processes}, 
 year={2002}, 
 month={jun}, 
 volume={48}, 
 number={6}, 
 pages={1518 -1569}, 
 doi={10.1109/TIT.2002.1003838}, 
 ISSN={0018-9448},}

@ARTICLE{18626, 
 author={Rabiner, L.R.}, 
 journal={Proceedings of the IEEE}, title={A tutorial on hidden Markov models and selected applications in speech recognition}, 
 year={1989}, 
 month={feb}, 
 volume={77}, 
 number={2}, 
 pages={257 -286}, 
 doi={10.1109/5.18626}, 
 ISSN={0018-9219},}

@ARTICLE{1165342, 
 author={Rabiner, L. and Juang, B.}, 
 journal={ASSP Magazine, IEEE}, title={An introduction to hidden Markov models}, 
 year={1986}, 
 month={jan }, 
 volume={3}, 
 number={1}, 
 pages={4 -16}, 
 doi={10.1109/MASSP.1986.1165342}, 
 ISSN={0740-7467},}

@article{Baier:2003:MAC:1435631.859038,
 author = {Baier, Christel and Haverkort, Boudewijn and Hermanns, Holger and Katoen, Joost-Pieter},
 title = {Model-Checking Algorithms for Continuous-Time Markov Chains},
 journal = {IEEE Trans. Softw. Eng.},
 volume = {29},
 number = {6},
 month = jun,
 year = {2003},
 pages = {524--541},
 publisher = {IEEE Press},
 address = {Piscataway, NJ, USA},
}

@article{He:2006:ACS:1132863.1132872,
 author = {He, Bin and Chang, Kevin Chen-Chuan},
 title = {Automatic complex schema matching across Web query interfaces: A correlation mining approach},
 journal = {ACM Trans. Database Syst.},
 issue_date = {March 2006},
 volume = {31},
 number = {1},
 month = mar,
 year = {2006},
 pages = {346--395},
 publisher = {ACM},
 address = {New York, NY, USA},
}

@INPROCEEDINGS{4734002, 
author={Xinghua Li and Xindong Wu and Xuegang Hu and Fei Xie and Zhaozhong Jiang}, 
booktitle={Data Mining Workshops, 2008. ICDMW '08. IEEE International Conference on}, title={Keyword Extraction Based on Lexical Chains and Word Co-occurrence for Chinese News Web Pages}, 
year={2008}, 
month={dec.}, 
volume={}, 
number={}, 
pages={744 -751}, 
doi={10.1109/ICDMW.2008.122}, 
ISSN={},}

@INPROCEEDINGS{4401042, 
author={Celik, M. and Shekhar, S. and Rogers, J.P. and Shine, J.A. and Kang, J.M.}, 
booktitle={Data Engineering Workshop, 2007 IEEE 23rd International Conference on}, title={Mining At Most Top-K% Mixed-drove Spatio-temporal Co-occurrence Patterns: A Summary of Results}, 
year={2007}, 
month={april}, 
volume={}, 
number={}, 
pages={565 -574}, 
ISSN={},}

@inproceedings{Zadeh:2009:UTC:1795114.1795189,
 author = {Zadeh, Reza Bosagh and Ben-David, Shai},
 title = {A uniqueness theorem for clustering},
 booktitle = {Proceedings of the Twenty-Fifth Conference on Uncertainty in Artificial Intelligence},
 series = {UAI '09},
 year = {2009},
 pages = {639--646},
 publisher = {AUAI Press},
 address = {Arlington, Virginia, United States},
}

@article{Carlsson:2010:CSC:1859890.1859898,
 author = {Carlsson, Gunnar and M\'{e}moli, Facundo},
 title = {Characterization, Stability and Convergence of Hierarchical Clustering Methods},
 journal = {J. Mach. Learn. Res.},
 volume = {99},
 month = {August},
 year = {2010},
 pages = {1425--1470},
 publisher = {MIT Press},
 address = {Cambridge, MA, USA},
}

@INPROCEEDINGS{5231070, 
author={Kai Li and Lan Wang and Lifeng Hao}, 
booktitle={Computational Intelligence and Natural Computing, 2009. CINC '09. International Conference on}, title={Comparison of Cluster Ensembles Methods Based on Hierarchical Clustering}, 
year={2009}, 
month={june}, 
volume={1}, 
number={}, 
pages={499 -502}, 
doi={10.1109/CINC.2009.214}, 
ISSN={},}
