
@article{he2019learning,
	title={Learning to Align Question and Answer Utterances in Customer Service Conversation with Recurrent Pointer Networks},
	author={He, Shizhu and Liu, Kang and An, Weiting},
	booktitle={AAAI},
	year={2019}
	
}

@article{cui2017superagent,
	author={Cui, Lei and Huang, Shaohan and Wei, Furu and Tan, Chuanqi and Duan, Chaoqun and Zhou, Ming},
	title={Superagent: A customer service chatbot for e-commerce websites},
	journal={ACL},
	year={2017}
}

@article{ji2014information,
	author={Ji, Zongcheng and Lu, Zhengdong and Li, Hang},
	title={An information retrieval approach to short text conversation},
	journal={CoRR},
	year={2014}
}
@article{vinyals2015neural,
	author={Vinyals, Oriol and Le, Quoc},
	title={A neural conversational model},
	journal={arXiv preprint arXiv:1506.05869},
	year={2015}
}
@article{rocktaschel2015reasoning,
	author={Rockt{\"a}schel, Tim and Grefenstette, Edward and Hermann, Karl Moritz and Ko{\v{c}}isk{\`y}, Tom{\'a}{\v{s}} and Blunsom, Phil},
	title={Reasoning about entailment with neural attention},
	journal={ICLR},
	year={2016}
}

@article{wang2015learning,
	author={Wang, Shuohang and Jiang, Jing},
	title={Learning natural language inference with {LSTM}},
	journal={HLT-NAACL},
	year={2016}
}


@article{cong2008finding,
	author={Cong, Gao and Wang, Long and Lin, Chin-Yew and Song, Young-In and Sun, Yueheng},
	title={Finding question-answer pairs from online forums},
	journal={SIGIR},
	year={2008}
}

@article{dogan2018neural,
	title={A Neural Multi-sequence Alignment TeCHnique (NeuMATCH)},
	author={Dogan, Pelin and Li, Boyang and Sigal, Leonid and Gross, Markus},
	journal={CVPR},
	year={2018}
}

@article{jiang2018learning,
	title={Learning to disentangle interleaved conversational threads with a siamese hierarchical network and similarity ranking},
	author={Jiang, Jyun-Yu and Chen, Francine and Chen, Yan-Ying and Wang, Wei},
	journal={NAACL-HLT},
	year={2018}
}

@article{wang2009extracting,
	title={Extracting Chinese question-answer pairs from online forums},
	author={Wang, Baoxun and Liu, Bingquan and Sun, Chengjie and Wang, Xiaolong and Sun, Lin},
	journal={SMC},
	year={2009}
}

@article{shrestha2004detection,
	title={Detection of question-answer pairs in email conversations},
	author={Shrestha, Lokesh and McKeown, Kathleen},
	journal={COLING},
	year={2004}
}

@article{elsner2011disentangling,
	title={Disentangling chat with local coherence models},
	author={Elsner, Micha and Charniak, Eugene},
	journal={ACL},
	year={2011}
}

@article{afantenos2015discourse,
	title={Discourse parsing for multi-party chat dialogues},
	author={Afantenos, Stergos and Kow, Eric and Asher, Nicholas and Perret, J{\'e}r{\'e}my},
	journal={EMNLP},
	year={2015}
}

@article{arora2016simple,
	title={A simple but tough-to-beat baseline for sentence embeddings},
	author={Arora, Sanjeev and Liang, Yingyu and Ma, Tengyu},
	journal={ICLR},
	year={2016}
}

@article{ruckle2018concatenated,
	title={Concatenated $ p $-mean Word Embeddings as Universal Cross-Lingual Sentence Representations},
	author={R{\"u}ckl{\'e}, Andreas and Eger, Steffen and Peyrard, Maxime and Gurevych, Iryna},
	journal={arXiv preprint arXiv:1803.01400},
	year={2018}
}

@article{pagliardini2017unsupervised,
	title={Unsupervised learning of sentence embeddings using compositional n-gram features},
	author={Pagliardini, Matteo and Gupta, Prakhar and Jaggi, Martin},
	journal={arXiv preprint arXiv:1703.02507},
	year={2017}
}

@article{kiros2015skip,
	title={Skip-thought vectors},
	author={Kiros, Ryan and Zhu, Yukun and Salakhutdinov, Ruslan R and Zemel, Richard and Urtasun, Raquel and Torralba, Antonio and Fidler, Sanja},
	journal={NIPS},
	year={2015}
}

@article{du2017discovering,
	title={Discovering conversational dependencies between messages in dialogs},
	author={Du, Wenchao and Poupart, Pascal and Xu, Wei},
	journal={AAAI},
	year={2017}
}

@article{he2016pairwise,
	title={Pairwise word interaction modeling with deep neural networks for semantic similarity measurement},
	author={He, Hua and Lin, Jimmy},
	journal={HLT-NAACL},
	year={2016}
}

@article{parikh2016decomposable,
	title={A decomposable attention model for natural language inference},
	author={Parikh, Ankur P and T{\"a}ckstr{\"o}m, Oscar and Das, Dipanjan and Uszkoreit, Jakob},
	journal={EMNLP},
	year={2016}
}

@article{chen2016enhanced,
	title={Enhanced {lstm} for natural language inference},
	author={Chen, Qian and Zhu, Xiaodan and Ling, Zhenhua and Wei, Si and Jiang, Hui and Inkpen, Diana},
	journal={ACL},
	year={2016}
}

@article{bahdanau2014neural,
	title={Neural machine translation by jointly learning to align and translate},
	author={Bahdanau, Dzmitry and Cho, Kyunghyun and Bengio, Yoshua},
	journal={ICLR},
	year={2015}
}

@article{wang2017gated,
	title={Gated self-matching networks for reading comprehension and question answering},
	author={Wang, Wenhui and Yang, Nan and Wei, Furu and Chang, Baobao and Zhou, Ming},
	booktitle={ACL},
	year={2017}
}

@article{nguyen2017novel,
	title={A novel embedding model for knowledge base completion based on convolutional neural network},
	author={Nguyen, Dai Quoc and Nguyen, Tu Dinh and Nguyen, Dat Quoc and Phung, Dinh},
	journal={NAACL-HLT},
	year={2018}
}

@article{mikolov2013efficient,
	title={Efficient estimation of word representations in vector space},
	author={Mikolov, Tomas and Chen, Kai and Corrado, Greg and Dean, Jeffrey},
	journal={ICLR(Workshop Poster)},
	year={2013}
}

@article{bojanowski2015weakly,
	title={Weakly-supervised alignment of video with text},
	author={Bojanowski, Piotr and Lajugie, R{\'e}mi and Grave, Edouard and Bach, Francis and Laptev, Ivan and Ponce, Jean and Schmid, Cordelia},
	journal={ICCV},
	year={2015}
}

@article{song2016unsupervised,
	title={Unsupervised Alignment of Actions in Video with Text Descriptions},
	author={Song, Young Chol and Naim, Iftekhar and Al Mamun, Abdullah and Kulkarni, Kaustubh and Singla, Parag and Luo, Jiebo and Gildea, Daniel and Kautz, Henry A},
	journal={IJCAI},
	year={2016}
}

@article{dogan2016label,
	title={Label-based automatic alignment of video with narrative sentences},
	author={Dogan, Pelin and Gross, Markus and Bazin, Jean-Charles},
	journal={ECCV Workshops},
	year={2016}
}

@article{vintsyuk1968speech,
	title={Speech discrimination by dynamic programming},
	author={Vintsyuk, Taras K},
	journal={Cybernetics and Systems Analysis},
	year={1968},
	publisher={Springer}
}

@article{ding2008using,
	title={Using conditional random fields to extract contexts and answers of questions from online forums},
	author={Ding, Shilin and Cong, Gao and Lin, Chin-Yew and Zhu, Xiaoyan},
	journal={ACL},
	year={2008}
}

@article{kim2010tagging,
	title={Tagging and linking web forum posts},
	author={Kim, Su Nam and Wang, Li and Baldwin, Timothy},
	journal={CoNLL},
	year={2010}
}

@article{catherine2012does,
	title={Does similarity matter? the case of answer extraction from technical discussion forums},
	author={Catherine, Rose and Singh, Amit and Gangadharaiah, Rashmi and Raghu, Dinesh and Visweswariah, Karthik},
	journal={COLING},
	year={2012}
}

@article{catherine2013semi,
	title={Semi-supervised answer extraction from discussion forums},
	author={Catherine, Rose and Gangadharaiah, Rashmi and Visweswariah, Karthik and Raghu, Dinesh},
	journal={IJCNLP},
	year={2013}
}

@article{wang2010modeling,
	title={Modeling semantic relevance for question-answer pairs in web social communities},
	author={Wang, Baoxun and Wang, Xiaolong and Sun, Chengjie and Liu, Bingquan and Sun, Lin},
	journal={ACL},
	year={2010}
}

@article{liu2016modelling,
	title={Modelling interaction of sentence pair with coupled-{lstm}s},
	author={Liu, Pengfei and Qiu, Xipeng and Huang, Xuanjing},
	journal={arXiv preprint arXiv:1605.05573},
	year={2016}
}

@article{gers1999learning,
	title={Learning to forget: Continual prediction with {LSTM}},
	author={Gers, Felix A and Schmidhuber, J{\"u}rgen and Cummins, Fred},
	year={1999},
	publisher={IET}
}

@article{yan2017building,
	title={Building task-oriented dialogue systems for online shopping},
	author={Yan, Zhao and Duan, Nan and Chen, Peng and Zhou, Ming and Zhou, Jianshe and Li, Zhoujun},
	journal={AAAI},
	year={2017}
}

@article{asher2016discourse,
	title={Discourse structure and dialogue acts in multiparty dialogue: The STAC corpus},
	author={Asher, Nicholas and Hunter, Julie and Morey, Mathieu and Benamara, Farah and Afantenos, Stergos},
	year={2016},
	publisher={European Language Resources Association (ELRA)}
}
@article{fernandez2008modelling,
	title={Modelling and detecting decisions in multi-party dialogue},
	author={Fern{\'a}ndez, Raquel and Frampton, Matthew and Ehlen, Patrick and Purver, Matthew and Peters, Stanley},
	journal={SIGdial Workshop},
	year={2008},
}
@article{stolcke2000dialogue,
	title={Dialogue act modeling for automatic tagging and recognition of conversational speech},
	author={Stolcke, Andreas and Ries, Klaus and Coccaro, Noah and Shriberg, Elizabeth and Bates, Rebecca and Jurafsky, Daniel and Taylor, Paul and Martin, Rachel and Ess-Dykema, Carol Van and Meteer, Marie},
	journal={CoRR cs.CL},
	year={2000},
	publisher={MIT Press}
}
@article{wei2018task,
	title={Task-oriented dialogue system for automatic diagnosis},
	author={Wei, Zhongyu and Liu, Qianlong and Peng, Baolin and Tou, Huaixiao and Chen, Ting and Huang, Xuanjing and Wong, Kam-Fai and Dai, Xiangying},
	journal={ACL},
	year={2018}
}
@article{yang2015wikiqa,
	title={Wikiqa: A challenge dataset for open-domain question answering},
	author={Yang, Yi and Yih, Wen-tau and Meek, Christopher},
	journal={EMNLP},
	year={2015}
}
@article{lowe2015ubuntu,
	title={The ubuntu dialogue corpus: A large dataset for research in unstructured multi-turn dialogue systems},
	author={Lowe, Ryan and Pow, Nissan and Serban, Iulian and Pineau, Joelle},
	journal={SIGDIAL},
	year={2015}	
}
@inproceedings{elsner2008you,
	title={You talking to me? a corpus and algorithm for conversation disentanglement},
	author={Elsner, Micha and Charniak, Eugene},
	booktitle={ACL-HLT},
	year={2008}
}
@article{shang2015neural,
	title={Neural responding machine for short-text conversation},
	author={Shang, Lifeng and Lu, Zhengdong and Li, Hang},
	journal={ACL},
	year={2015}
}
@article{sordoni2015neural,
	title={A neural network approach to context-sensitive generation of conversational responses},
	author={Sordoni, Alessandro and Galley, Michel and Auli, Michael and Brockett, Chris and Ji, Yangfeng and Mitchell, Margaret and Nie, Jian-Yun and Gao, Jianfeng and Dolan, Bill},
	journal={HLT-NAACL},
	year={2015}
}
@article{budzianowski2018multiwoz,
	title={Multiwoz-a large-scale multi-domain wizard-of-oz dataset for task-oriented dialogue modelling},
	author={Budzianowski, Pawe{\l} and Wen, Tsung-Hsien and Tseng, Bo-Hsiang and Casanueva, Inigo and Ultes, Stefan and Ramadan, Osman and Ga{\v{s}}i{\'c}, Milica},
	journal={EMNLP},
	year={2018}
}
@article{wen2016network,
	title={A network-based end-to-end trainable task-oriented dialogue system},
	author={Wen, Tsung-Hsien and Vandyke, David and Mrksic, Nikola and Gasic, Milica and Rojas-Barahona, Lina M and Su, Pei-Hao and Ultes, Stefan and Young, Steve},
	journal={EACL},
	year={2017}
}
@article{eric2017key,
	title={Key-value retrieval networks for task-oriented dialogue},
	author={Eric, Mihail and Manning, Christopher D},
	journal={SIGDIAL},
	year={2017}
}