@inproceedings{OpiMinHuL04,
  author    = {Minqing Hu and
               Bing Liu},
  title     = {Mining Opinion Features in Customer Reviews},
  booktitle = {Proceedings of the Nineteenth National Conference on Artificial Intelligence,
               Sixteenth Conference on Innovative Applications of Artificial Intelligence,
               July 25-29, 2004, San Jose, California, {USA}},
  publisher = {{AAAI} Press / The {MIT} Press},
  year      = {2004},
}

@article{rouge,
   author = {Lin, Chin-Yew},
   title = {ROUGE: a Package for Automatic Evaluation of Summaries},
   journal={Text Summarization Branches Out},
   year = {2004},
}

@inproceedings{basicOpiMin20,
  author    = {Nikita Bhutani and
               Aaron Traylor and
               Chen Chen and
               Xiaolan Wang and
               Behzad Golshan and
               Wang{-}Chiew Tan},
  title     = {Sampo: Unsupervised Knowledge Base Construction for Opinions and Implications},
  booktitle = {Conference on Automated Knowledge Base Construction, {AKBC} 2020,
               Virtual, June 22-24, 2020},
  year      = {2020},
}

@inproceedings{OpiMinDaiS19,
  author    = {Hongliang Dai and
               Yangqiu Song},
  title     = {Neural Aspect and Opinion Term Extraction with Mined Rules as Weak
               Supervision},
  booktitle = {Proceedings of the 57th Conference of the Association for Computational
               Linguistics, {ACL} 2019, Florence, Italy, July 28- August 2, 2019,
               Volume 1: Long Papers},
  publisher = {Association for Computational Linguistics},
  year      = {2019},
}

@inproceedings{Denoise20,
  author    = {Reinald Kim Amplayo and
               Mirella Lapata},
  title     = {Unsupervised Opinion Summarization with Noising and Denoising},
  booktitle = {Proceedings of the 58th Annual Meeting of the Association for Computational
               Linguistics, {ACL} 2020, Online, July 5-10, 2020},
  publisher = {Association for Computational Linguistics},
  year      = {2020},
}

@inproceedings{PlanSum20,
	Author = {Amplayo, Reinald Kim and Angelidis, Stefanos and Lapata, Mirella},
	Booktitle = {AAAI},
	Year = {2021},
	Title = {Unsupervised Opinion Summarization with Content Planning},
}

@inproceedings{MeanSum19,
	author    = {Eric Chu and
	Peter J. Liu},
	title     = {MeanSum: {A} Neural Model for Unsupervised Multi-Document Abstractive
	Summarization},
	booktitle = {Proceedings of the 36th International Conference on Machine Learning,
	{ICML} 2019, 9-15 June 2019, Long Beach, California, {USA}},
	series    = {Proceedings of Machine Learning Research},
	volume    = {97},
	publisher = {{PMLR}},
	year      = {2019},
}

@inproceedings{Copycat20,
	author    = {Arthur Brazinskas and
	Mirella Lapata and
	Ivan Titov},
	title     = {Unsupervised Opinion Summarization as Copycat-Review Generation},
	booktitle = {Proceedings of the 58th Annual Meeting of the Association for Computational
	Linguistics, {ACL} 2020, Online, July 5-10, 2020},
	publisher = {Association for Computational Linguistics},
	year      = {2020},
}

@inproceedings{Fewshot20,
	author    = {Arthur Brazinskas and
	Mirella Lapata and
	Ivan Titov},
	title     = {Few-Shot Learning for Opinion Summarization},
	booktitle = {Proceedings of the 2020 Conference on Empirical Methods in Natural
	Language Processing, {EMNLP} 2020, Online, November 16-20, 2020},
	publisher = {Association for Computational Linguistics},
	year      = {2020},
}

@inproceedings{MukherjeePVGBG20,
	author    = {Rajdeep Mukherjee and
	Hari Chandana Peruri and
	Uppada Vishnu and
	Pawan Goyal and
	Sourangshu Bhattacharya and
	Niloy Ganguly},
	title     = {Read what you need: Controllable Aspect-based Opinion Summarization
	of Tourist Reviews},
	booktitle = {Proceedings of the 43rd International {ACM} {SIGIR} conference on
	research and development in Information Retrieval, {SIGIR} 2020, Virtual
	Event, China, July 25-30, 2020},
	publisher = {{ACM}},
	year      = {2020},
}

@inproceedings{AngelidisL18,
	author    = {Stefanos Angelidis and
	Mirella Lapata},
	title     = {Summarizing Opinions: Aspect Extraction Meets Sentiment Prediction
	and They Are Both Weakly Supervised},
	booktitle = {Proceedings of the 2018 Conference on Empirical Methods in Natural
	Language Processing, Brussels, Belgium, October 31 - November 4, 2018},
	publisher = {Association for Computational Linguistics},
	year      = {2018},
}

@inproceedings{TianY019,
	author    = {Yufei Tian and
	Jianfei Yu and
	Jing Jiang},
	title     = {Aspect and Opinion Aware Abstractive Review Summarization with Reinforced
	Hard Typed Decoder},
	booktitle = {Proceedings of the 28th {ACM} International Conference on Information
	and Knowledge Management, {CIKM} 2019, Beijing, China, November 3-7,
	2019},
	publisher = {{ACM}},
	year      = {2019},
}

@inproceedings{OpiDig20,
	author    = {Yoshihiko Suhara and
	Xiaolan Wang and
	Stefanos Angelidis and
	Wang{-}Chiew Tan},
	title     = {OpinionDigest: {A} Simple Framework for Opinion Summarization},
	booktitle = {Proceedings of the 58th Annual Meeting of the Association for Computational
	Linguistics, {ACL} 2020, Online, July 5-10, 2020},
	publisher = {Association for Computational Linguistics},
	year      = {2020},
}

@inproceedings{HeM16,
author = {He, Ruining and McAuley, Julian},
title = {Ups and Downs: Modeling the Visual Evolution of Fashion Trends with One-Class Collaborative Filtering},
year = {2016},
publisher = {International World Wide Web Conferences Steering Committee},
series = {WWW '16}
}

@inproceedings{Transformer17,
  author    = {Ashish Vaswani and
               Noam Shazeer and
               Niki Parmar and
               Jakob Uszkoreit and
               Llion Jones and
               Aidan N. Gomez and
               Lukasz Kaiser and
               Illia Polosukhin},
  title     = {Attention is All you Need},
  booktitle = {Advances in Neural Information Processing Systems 30: Annual Conference
               on Neural Information Processing Systems 2017, December 4-9, 2017,
               Long Beach, CA, {USA}},
  year      = {2017},
}

@article{LSTM1997,
  title={Long short-term memory},
  author={Hochreiter, Sepp and Schmidhuber, J{\"u}rgen},
  journal={Neural computation},
  volume={9},
  number={8},
  year={1997},
  publisher={MIT Press}
}

@inproceedings{DialogMV2020,
  author    = {Jiaao Chen and
               Diyi Yang},
  title     = {Multi-View Sequence-to-Sequence Models with Conversational Structure
               for Abstractive Dialogue Summarization},
  booktitle = {Proceedings of the 2020 Conference on Empirical Methods in Natural
               Language Processing, {EMNLP} 2020, Online, November 16-20, 2020},
  publisher = {Association for Computational Linguistics},
  year      = {2020},
}

@InProceedings{NallapatiZSGX16,
  author    = {Ramesh Nallapati and
               Bowen Zhou and
               C{\'{\i}}cero Nogueira dos Santos and
               {\c{C}}aglar G{\"{u}}l{\c{c}}ehre and
               Bing Xiang},
  title     = {Abstractive Text Summarization using Sequence-to-sequence RNNs and
               Beyond},
  booktitle = {Proceedings of the 20th {SIGNLL} Conference on Computational Natural
               Language Learning, CoNLL 2016},
  year      = {2016}
}

@InProceedings{SeeLM17,
  author    = {Abigail See and
               Peter J. Liu and
               Christopher D. Manning},
  title     = {Get To The Point: Summarization with Pointer-Generator Networks},
  booktitle = {Proceedings of the 55th Annual Meeting of the Association for Computational
               Linguistics, {ACL} 2017},
  year      = {2017},
}

@inproceedings{CelikyilmazBHC18,
  author    = {Asli {\c{C}}elikyilmaz and
               Antoine Bosselut and
               Xiaodong He and
               Yejin Choi},
  title     = {Deep Communicating Agents for Abstractive Summarization},
  booktitle = {Proceedings of the 2018 Conference of the North American Chapter of
               the Association for Computational Linguistics: Human Language Technologies,
               {NAACL-HLT} 2018},
  year      = {2018},
}

@inproceedings{UniLM19,
  author    = {Li Dong and
               Nan Yang and
               Wenhui Wang and
               Furu Wei and
               Xiaodong Liu and
               Yu Wang and
               Jianfeng Gao and
               Ming Zhou and
               Hsiao{-}Wuen Hon},
  title     = {Unified Language Model Pre-training for Natural Language Understanding
               and Generation},
  booktitle = {Advances in Neural Information Processing Systems 32: Annual Conference
               on Neural Information Processing Systems 2019, NeurIPS 2019, 8-14
               December 2019, Vancouver, BC, Canada},
  year      = {2019},
}

@inproceedings{BART20,
  author    = {Mike Lewis and
               Yinhan Liu and
               Naman Goyal and
               Marjan Ghazvininejad and
               Abdelrahman Mohamed and
               Omer Levy and
               Veselin Stoyanov and
               Luke Zettlemoyer},
  title     = {{BART:} Denoising Sequence-to-Sequence Pre-training for Natural Language
               Generation, Translation, and Comprehension},
  booktitle = {Proceedings of the 58th Annual Meeting of the Association for Computational
               Linguistics, {ACL} 2020, Online, July 5-10, 2020},
  publisher = {Association for Computational Linguistics},
  year      = {2020},
}

@inproceedings{LiuLZ18,
  author    = {Yizhu Liu and
               Zhiyi Luo and
               Kenny Q. Zhu},
  title     = {Controlling Length in Abstractive Summarization Using a Convolutional
               Neural Network},
  booktitle = {Proceedings of the 2018 Conference on Empirical Methods in Natural
               Language Processing},
  year      = {2018},
}

@inproceedings{SelfBleu18,
  author    = {Yaoming Zhu and
               Sidi Lu and
               Lei Zheng and
               Jiaxian Guo and
               Weinan Zhang and
               Jun Wang and
               Yong Yu},
  title     = {Texygen: {A} Benchmarking Platform for Text Generation Models},
  booktitle = {The 41st International {ACM} {SIGIR} Conference on Research {\&}
               Development in Information Retrieval, {SIGIR} 2018, Ann Arbor, MI,
               USA, July 08-12, 2018},
  publisher = {{ACM}},
  year      = {2018},
}
@inproceedings{aspect12,
  title={Aspect-based Opinion Mining in Online Reviews},
  author={Moghaddam, Samaneh Abbasi},
  booktitle={Applied Sciences: School of Computing Science},
  year={2013}
}
@inproceedings{aspect14,
  title={A rule-based approach to aspect extraction from product reviews},
  author={Poria, Soujanya and Cambria, Erik and Ku, Lun-Wei and Gui, Chen and Gelbukh, Alexander},
  booktitle={Proceedings of the second workshop on natural language processing for social media (SocialNLP)},
  year={2014}
}
@inproceedings{BERT19,
  author    = {Jacob Devlin and
               Ming{-}Wei Chang and
               Kenton Lee and
               Kristina Toutanova},
  title     = {{BERT:} Pre-training of Deep Bidirectional Transformers for Language
               Understanding},
  booktitle = {Proceedings of the 2019 Conference of the North American Chapter of
               the Association for Computational Linguistics: Human Language Technologies,
               {NAACL-HLT} 2019, Minneapolis, MN, USA, June 2-7, 2019, Volume 1 (Long
               and Short Papers)},
  publisher = {Association for Computational Linguistics},
  year      = {2019},
}

@article{abs-2011-04843,
	author    = {Congbo Ma and
	Wei Emma Zhang and
	Mingyu Guo and
	Hu Wang and
	Quan Z. Sheng},
	title     = {Multi-document Summarization via Deep Learning Techniques: {A} Survey},
	journal   = {CoRR},
	volume    = {abs/2011.04843},
	year      = {2020},
}

@inproceedings{FabbriLSLR19,
	author    = {Alexander R. Fabbri and
	Irene Li and
	Tianwei She and
	Suyi Li and
	Dragomir R. Radev},
	title     = {Multi-News: {A} Large-Scale Multi-Document Summarization Dataset and
	Abstractive Hierarchical Model},
	booktitle = {Proceedings of the 57th Conference of the Association for Computational
	Linguistics, {ACL} 2019, Florence, Italy, July 28- August 2, 2019,
	Volume 1: Long Papers},
	publisher = {Association for Computational Linguistics},
	year      = {2019},
	biburl    = {https://dblp.org/rec/conf/acl/FabbriLSLR19.bib},
	bibsource = {dblp computer science bibliography, https://dblp.org}
}

@article{ZajicDL08,
	author    = {David M. Zajic and
	Bonnie J. Dorr and
	Jimmy J. Lin},
	title     = {Single-document and multi-document summarization techniques for email
	threads using sentence compression},
	journal   = {Inf. Process. Manag.},
	volume    = {44},
	number    = {4},
	year      = {2008},
}

@inproceedings{LiuSPGSKS18,
	author    = {Peter J. Liu and
	Mohammad Saleh and
	Etienne Pot and
	Ben Goodrich and
	Ryan Sepassi and
	Lukasz Kaiser and
	Noam Shazeer},
	title     = {Generating Wikipedia by Summarizing Long Sequences},
	booktitle = {6th International Conference on Learning Representations, {ICLR} 2018,
	Vancouver, BC, Canada, April 30 - May 3, 2018, Conference Track Proceedings},
	publisher = {OpenReview.net},
	year      = {2018},
}

@inproceedings{GeraniMCNN14,
	author    = {Shima Gerani and
	Yashar Mehdad and
	Giuseppe Carenini and
	Raymond T. Ng and
	Bita Nejat},
	title     = {Abstractive Summarization of Product Reviews Using Discourse Structure},
	booktitle = {Proceedings of the 2014 Conference on Empirical Methods in Natural
	Language Processing, {EMNLP} 2014, October 25-29, 2014, Doha, Qatar,
	{A} meeting of SIGDAT, a Special Interest Group of the {ACL}},
	publisher = {{ACL}},
	year      = {2014},
}

@inproceedings{glove,
  author    = {Jeffrey Pennington and
               Richard Socher and
               Christopher D. Manning},
  title     = {Glove: Global Vectors for Word Representation},
  booktitle = {Proceedings of the 2014 Conference on Empirical Methods in Natural
               Language Processing, {EMNLP} 2014, October 25-29, 2014, Doha, Qatar,
               {A} meeting of SIGDAT, a Special Interest Group of the {ACL}},
  publisher = {{ACL}},
  year      = {2014},
}
@inproceedings{transsum21,
    title = "{T}rans{S}um: Translating Aspect and Sentiment Embeddings for Self-Supervised Opinion Summarization",
    author = "Wang, Ke  and
      Wan, Xiaojun",
    booktitle = "Findings of the Association for Computational Linguistics: ACL-IJCNLP 2021",
    year = "2021",
    publisher = "Association for Computational Linguistics",
}

@inproceedings{setlevel21,
  author    = {Yizhu Liu and
               Qi Jia and
               Kenny Q. Zhu},
  title     = {Keyword-aware Abstractive Summarization by Extracting Set-level Intermediate
               Summaries},
  booktitle = {{WWW} '21: The Web Conference 2021, Virtual Event / Ljubljana, Slovenia,
               April 19-23, 2021},
  publisher = {{ACM} / {IW3C2}},
  year      = {2021},
}

@inproceedings{rtopi21,
  author    = {Reinald Kim Amplayo and
               Mirella Lapata},
  title     = {Informative and Controllable Opinion Summarization},
  booktitle = {Proceedings of the 16th Conference of the European Chapter of the
               Association for Computational Linguistics: Main Volume, {EACL} 2021,
               Online, April 19 - 23, 2021},
  publisher = {Association for Computational Linguistics},
  year      = {2021},
}

@inproceedings{prefix21,
  author    = {Hady Elsahar and
               Maximin Coavoux and
               Jos Rozen and
               Matthias Gall{\'{e}}},
  title     = {Self-Supervised and Controlled Multi-Document Opinion Summarization},
  booktitle = {Proceedings of the 16th Conference of the European Chapter of the
               Association for Computational Linguistics: Main Volume, {EACL} 2021,
               Online, April 19 - 23, 2021},
  publisher = {Association for Computational Linguistics},
  year      = {2021},
}

@article{tree21,
  title={Unsupervised Abstractive Opinion Summarization by Generating Sentences with Tree-Structured Topic Guidance},
  author={Isonuma, Masaru and Mori, Junichiro and Bollegala, Danushka and Sakata, Ichiro},
  journal={arXiv preprint arXiv:2106.08007},
  year={2021}
}

@book{bestworst,
  title={Best-worst scaling: Theory, methods and applications},
  author={Louviere, Jordan J and Flynn, Terry N and Marley, Anthony Alfred John},
  year={2015},
  publisher={Cambridge University Press}
}

@inproceedings{bestworst16,
    title = "Capturing Reliable Fine-Grained Sentiment Associations by Crowdsourcing and Best{--}Worst Scaling",
    author = "Kiritchenko, Svetlana  and
      Mohammad, Saif M.",
    booktitle = "Proceedings of the 2016 Conference of the North {A}merican Chapter of the Association for Computational Linguistics: Human Language Technologies",
    year = "2016",
    publisher = "Association for Computational Linguistics",
}

@inproceedings{RT16,
  title={Neural Network-Based Abstract Generation for Opinions and Arguments},
  author={Wang, Lu and Ling, Wang},
  booktitle={Proceedings of the 2016 Conference of the North American Chapter of the Association for Computational Linguistics: Human Language Technologies},
  pages={47--57},
  year={2016}
}

@inproceedings{PEGASUS20,
	author    = {Jingqing Zhang and
	Yao Zhao and
	Mohammad Saleh and
	Peter J. Liu},
	title  = {{PEGASUS:} Pre-training with Extracted Gap-sentences for Abstractive
	Summarization},
	booktitle = {Proceedings of the 37th International Conference on Machine Learning,
	{ICML} 2020, Virtual Event},
	series    = {Proceedings of Machine Learning Research},
	volume    = {119},
	pages     = {11328--11339},
	year      = {2020},
}


@inproceedings{liu2021keyword,
	title={Keyword-aware Abstractive Summarization by Extracting Set-level Intermediate Summaries},
	author={Liu, Yizhu and Jia, Qi and Zhu, Kenny},
	booktitle={Proceedings of the Web Conference 2021},
	pages={3042--3054},
	year={2021}
}

@article{redrep2021, 
	title={Reducing repetition in convolutional abstractive summarization}, 
	journal={Natural Language Engineering}, 
	publisher={Cambridge University Press}, 
	author={Liu, Yizhu and Chen, Xinyue and Luo, Xusheng and Zhu, Kenny Q.}, 
	year={2021}, 
	pages={1–29}
}

@inproceedings{multisumSIG21,
	author    = {Congbo Ma},
	editor    = {Fernando Diaz and
	Chirag Shah and
	Torsten Suel and
	Pablo Castells and
	Rosie Jones and
	Tetsuya Sakai},
	title     = {Improving Deep Learning based Multi-document Summarization through
	Linguistic Knowledge},
	booktitle = {{SIGIR} '21: The 44th International {ACM} {SIGIR} Conference on Research
	and Development in Information Retrieval, Virtual Event, Canada, July
	11-15, 2021},
	pages     = {2704},
	publisher = {{ACM}},
	year      = {2021},
}

@inproceedings{sampo,
  title={SAMPO: Unsupervised Knowledge Base Construction for Opinions and Implications},
  author={Bhutani, Nikita and Traylor, Aaron and Chen, Chen and Wang, Xiaolan and Golshan, Behzad and Tan, Wang-Chiew},
  booktitle={Automated Knowledge Base Construction},
  year={2020}
}

@inproceedings{tourist20,
  author    = {Rajdeep Mukherjee and
               Hari Chandana Peruri and
               Uppada Vishnu and
               Pawan Goyal and
               Sourangshu Bhattacharya and
               Niloy Ganguly},
  editor    = {Jimmy Huang and
               Yi Chang and
               Xueqi Cheng and
               Jaap Kamps and
               Vanessa Murdock and
               Ji{-}Rong Wen and
               Yiqun Liu},
  title     = {Read what you need: Controllable Aspect-based Opinion Summarization
               of Tourist Reviews},
  booktitle = {Proceedings of the 43rd International {ACM} {SIGIR} conference on
               research and development in Information Retrieval, {SIGIR} 2020, Virtual
               Event, China, July 25-30, 2020},
  pages     = {1825--1828},
  publisher = {{ACM}},
  year      = {2020},
}

@inproceedings{ecommerce21,
  author    = {Xueying Zhang and
               Yunjiang Jiang and
               Yue Shang and
               Zhaomeng Cheng and
               Chi Zhang and
               Xiaochuan Fan and
               Yun Xiao and
               Bo Long},
  editor    = {Fernando Diaz and
               Chirag Shah and
               Torsten Suel and
               Pablo Castells and
               Rosie Jones and
               Tetsuya Sakai},
  title     = {{DSGPT:} Domain-Specific Generative Pre-Training of Transformers for
               Text Generation in E-commerce Title and Review Summarization},
  booktitle = {{SIGIR} '21: The 44th International {ACM} {SIGIR} Conference on Research
               and Development in Information Retrieval, Virtual Event, Canada, July
               11-15, 2021},
  pages     = {2146--2150},
  publisher = {{ACM}},
  year      = {2021},
}

@inproceedings{DBLP:conf/www/KeswaniC21,
  author    = {Vijay Keswani and
               L. Elisa Celis},
  editor    = {Jure Leskovec and
               Marko Grobelnik and
               Marc Najork and
               Jie Tang and
               Leila Zia},
  title     = {Dialect Diversity in Text Summarization on Twitter},
  booktitle = {{WWW} '21: The Web Conference 2021, Virtual Event / Ljubljana, Slovenia,
               April 19-23, 2021},
  pages     = {3802--3814},
  publisher = {{ACM} / {IW3C2}},
  year      = {2021},
}

@inproceedings{amplayo-etal-2021-aspect,
    title = "Aspect-Controllable Opinion Summarization",
    author = "Amplayo, Reinald Kim  and
      Angelidis, Stefanos  and
      Lapata, Mirella",
    booktitle = "Proceedings of the 2021 Conference on Empirical Methods in Natural Language Processing",
    year = "2021",
    address = "Online and Punta Cana, Dominican Republic",
    publisher = "Association for Computational Linguistics",
    pages = "6578--6593",
}

@inproceedings{MiaoLWT20,
  author    = {Zhengjie Miao and
               Yuliang Li and
               Xiaolan Wang and
               Wang{-}Chiew Tan},
  editor    = {Yennun Huang and
               Irwin King and
               Tie{-}Yan Liu and
               Maarten van Steen},
  title     = {Snippext: Semi-supervised Opinion Mining with Augmented Data},
  booktitle = {{WWW} '20: The Web Conference 2020, Taipei, Taiwan, April 20-24, 2020},
  pages     = {617--628},
  publisher = {{ACM} / {IW3C2}},
  year      = {2020},
}
