@article{zhou2021detecting,
  title={Detecting community depression dynamics due to covid-19 pandemic in australia},
  author={Zhou, Jianlong and Zogan, Hamad and Yang, Shuiqiao and Jameel, Shoaib and Xu, Guandong and Chen, Fang},
  journal={IEEE Transactions on Computational Social Systems},
  year={2021},
  publisher={IEEE}
}

@article{zogan2021depressionnet,
  title={DepressionNet: A Novel Summarization Boosted Deep Framework for Depression Detection on Social Media},
  author={Zogan, Hamad and Razzak, Imran and Jameel, Shoaib and Xu, Guandong},
  journal={arXiv preprint arXiv:2105.10878},
  year={2021}
}

@inproceedings{gui2019cooperative,
  title={Cooperative multimodal approach to depression detection in Twitter},
  author={Gui, Tao and Zhu, Liang and Zhang, Qi and Peng, Minlong and Zhou, Xu and Ding, Keyu and Chen, Zhigang},
  booktitle={Proceedings of the AAAI Conference on Artificial Intelligence},
  pages={110--117},
  year={2019}
}

@article{trotzek2018utilizing,
  title={Utilizing neural networks and linguistic metadata for early detection of depression indications in text sequences},
  author={Trotzek, Marcel and Koitka, Sven and Friedrich, Christoph M},
  journal={IEEE Transactions on Knowledge and Data Engineering},
  volume={32},
  number={3},
  pages={588--601},
  year={2018},
  publisher={IEEE}
}

@inproceedings{losada2016test,
  title={A test collection for research on depression and language use},
  author={Losada, David E and Crestani, Fabio},
  booktitle={International Conference of the Cross-Language Evaluation Forum for European Languages},
  pages={28--39},
  year={2016},
  organization={Springer}
}

@inproceedings{losada2017erisk,
  title={eRISK 2017: CLEF lab on early risk prediction on the internet: experimental foundations},
  author={Losada, David E and Crestani, Fabio and Parapar, Javier},
  booktitle={International Conference of the Cross-Language Evaluation Forum for European Languages},
  pages={346--360},
  year={2017},
  organization={Springer}
}

@inproceedings{losada2019overview,
  title={Overview of erisk 2019 early risk prediction on the internet},
  author={Losada, David E and Crestani, Fabio and Parapar, Javier},
  booktitle={International Conference of the Cross-Language Evaluation Forum for European Languages},
  pages={340--357},
  year={2019},
  organization={Springer}
}

@inproceedings{yates2017depression,
  title={Depression and Self-Harm Risk Assessment in Online Forums},
  author={Yates, Andrew and Cohan, Arman and Goharian, Nazli},
  booktitle={Proceedings of the 2017 Conference on Empirical Methods in Natural Language Processing},
  pages={2968--2978},
  year={2017}
}

@inproceedings{wolohan2018detecting,
  title={Detecting linguistic traces of depression in topic-restricted text: Attending to self-stigmatized depression with NLP},
  author={Wolohan, JT and Hiraga, Misato and Mukherjee, Atreyee and Sayyed, Zeeshan Ali and Millard, Matthew},
  booktitle={Proceedings of the First International Workshop on Language Cognition and Computational Models},
  pages={11--21},
  year={2018}
}

@inproceedings{harrigian2020models,
  title={Do Models of Mental Health Based on Social Media Data Generalize?},
  author={Harrigian, Keith and Aguirre, Carlos and Dredze, Mark},
  booktitle={Proceedings of the 2020 conference on empirical methods in natural language processing: findings},
  pages={3774--3788},
  year={2020}
}

@article{devlin2018bert,
  title={Bert: Pre-training of deep bidirectional transformers for language understanding},
  author={Devlin, Jacob and Chang, Ming-Wei and Lee, Kenton and Toutanova, Kristina},
  journal={arXiv preprint arXiv:1810.04805},
  year={2018}
}

@inproceedings{reimers-2019-sentence-bert,
  title = "Sentence-BERT: Sentence Embeddings using Siamese BERT-Networks",
  author = "Reimers, Nils and Gurevych, Iryna",
  booktitle = "Proceedings of the 2019 Conference on Empirical Methods in Natural Language Processing",
  month = "11",
  year = "2019",
  publisher = "Association for Computational Linguistics",
  url = "https://arxiv.org/abs/1908.10084",
}

@inproceedings{yang2016hierarchical,
  title={Hierarchical attention networks for document classification},
  author={Yang, Zichao and Yang, Diyi and Dyer, Chris and He, Xiaodong and Smola, Alex and Hovy, Eduard},
  booktitle={Proceedings of the 2016 conference of the North American chapter of the association for computational linguistics: human language technologies},
  pages={1480--1489},
  year={2016}
}

@misc{zogan2021explainable,
      title={Explainable Depression Detection with Multi-Modalities Using a Hybrid Deep Learning Model on Social Media}, 
      author={Hamad Zogan and Imran Razzak and Xianzhi Wang and Shoaib Jameel and Guandong Xu},
      year={2021},
      eprint={2007.02847},
      archivePrefix={arXiv},
      primaryClass={cs.IR}
}

@inproceedings{ernala2019methodological,
  title={Methodological gaps in predicting mental health states from social media: triangulating diagnostic signals},
  author={Ernala, Sindhu Kiranmai and Birnbaum, Michael L and Candan, Kristin A and Rizvi, Asra F and Sterling, William A and Kane, John M and De Choudhury, Munmun},
  booktitle={Proceedings of the 2019 chi conference on human factors in computing systems},
  pages={1--16},
  year={2019}
}

@inproceedings{vaswani2017attention,
  title={Attention is all you need},
  author={Vaswani, Ashish and Shazeer, Noam and Parmar, Niki and Uszkoreit, Jakob and Jones, Llion and Gomez, Aidan N and Kaiser, {\L}ukasz and Polosukhin, Illia},
  booktitle={Advances in neural information processing systems},
  pages={5998--6008},
  year={2017}
}

@book{beck1996beck,
  title={Beck depression inventory (BDI-II)},
  author={Beck, Aaron T and Steer, Robert A and Brown, Gregory K},
  volume={10},
  year={1996},
  publisher={Pearson}
}

@article{lewinsohn1997center,
  title={Center for Epidemiologic Studies Depression Scale (CES-D) as a screening instrument for depression among community-residing older adults.},
  author={Lewinsohn, Peter M and Seeley, John R and Roberts, Robert E and Allen, Nicholas B},
  journal={Psychology and aging},
  volume={12},
  number={2},
  pages={277},
  year={1997},
  publisher={American Psychological Association}
}

@incollection{hamilton1986hamilton,
  title={The Hamilton rating scale for depression},
  author={Hamilton, Max},
  booktitle={Assessment of depression},
  pages={143--152},
  year={1986},
  publisher={Springer}
}

@article{zung1965self,
  title={A self-rating depression scale},
  author={Zung, William WK},
  journal={Archives of general psychiatry},
  volume={12},
  number={1},
  pages={63--70},
  year={1965},
  publisher={American Medical Association}
}

@article{kroenke2001phq,
  title={The PHQ-9: validity of a brief depression severity measure},
  author={Kroenke, Kurt and Spitzer, Robert L and Williams, Janet BW},
  journal={Journal of general internal medicine},
  volume={16},
  number={9},
  pages={606--613},
  year={2001},
  publisher={Wiley Online Library}
}

@article{blei2003latent,
  title={Latent dirichlet allocation},
  author={Blei, David M and Ng, Andrew Y and Jordan, Michael I},
  journal={the Journal of machine Learning research},
  volume={3},
  pages={993--1022},
  year={2003},
  publisher={JMLR. org}
}

@inproceedings{ribeiro2020beyond,
  title={Beyond Accuracy: Behavioral Testing of NLP Models with CheckList},
  author={Ribeiro, Marco Tulio and Wu, Tongshuang and Guestrin, Carlos and Singh, Sameer},
  booktitle={Proceedings of the 58th Annual Meeting of the Association for Computational Linguistics},
  pages={4902--4912},
  year={2020}
}

@article{pennebaker2001linguistic,
  title={Linguistic inquiry and word count: LIWC 2001},
  author={Pennebaker, James W and Francis, Martha E and Booth, Roger J},
  journal={Mahway: Lawrence Erlbaum Associates},
  volume={71},
  number={2001},
  pages={2001},
  year={2001}
}

@inproceedings{lewis2020bart,
  title={BART: Denoising Sequence-to-Sequence Pre-training for Natural Language Generation, Translation, and Comprehension},
  author={Lewis, Mike and Liu, Yinhan and Goyal, Naman and Ghazvininejad, Marjan and Mohamed, Abdelrahman and Levy, Omer and Stoyanov, Veselin and Zettlemoyer, Luke},
  booktitle={Proceedings of the 58th Annual Meeting of the Association for Computational Linguistics},
  pages={7871--7880},
  year={2020}
}

@article{Lenore1977CES-D,
author = {Lenore Sawyer Radloff},
title ={The CES-D Scale: A Self-Report Depression Scale for Research in the General Population},
journal = {Applied Psychological Measurement},
volume = {1},
number = {3},
pages = {385-401},
year = {1977},
doi = {10.1177/014662167700100306},

URL = { https://doi.org/10.1177/014662167700100306},
eprint = {https://doi.org/10.1177/014662167700100306}
}

@inproceedings{shen2017depression,
  title={Depression Detection via Harvesting Social Media: A Multimodal Dictionary Learning Solution.},
  author={Shen, Guangyao and Jia, Jia and Nie, Liqiang and Feng, Fuli and Zhang, Cunjun and Hu, Tianrui and Chua, Tat-Seng and Zhu, Wenwu},
  booktitle={IJCAI},
  pages={3838--3844},
  year={2017}
}

@article{eichstaedt2018facebook,
  title={Facebook language predicts depression in medical records},
  author={Eichstaedt, Johannes C and Smith, Robert J and Merchant, Raina M and Ungar, Lyle H and Crutchley, Patrick and Preo{\c{t}}iuc-Pietro, Daniel and Asch, David A and Schwartz, H Andrew},
  journal={Proceedings of the National Academy of Sciences},
  volume={115},
  number={44},
  pages={11203--11208},
  year={2018},
  publisher={National Acad Sciences}
}

@inproceedings{guntuku2019twitter,
  title={What twitter profile and posted images reveal about depression and anxiety},
  author={Guntuku, Sharath Chandra and Preotiuc-Pietro, Daniel and Eichstaedt, Johannes C and Ungar, Lyle H},
  booktitle={Proceedings of the international AAAI conference on web and social media},
  volume={13},
  pages={236--246},
  year={2019}
}

@inproceedings{gratch2014distress,
  title={The distress analysis interview corpus of human and computer interviews},
  author={Gratch, Jonathan and Artstein, Ron and Lucas, Gale and Stratou, Giota and Scherer, Stefan and Nazarian, Angela and Wood, Rachel and Boberg, Jill and DeVault, David and Marsella, Stacy and others},
  booktitle={Proceedings of the Ninth International Conference on Language Resources and Evaluation (LREC'14)},
  pages={3123--3128},
  year={2014}
}

@article{dinkel2019text,
  title={Text-based depression detection on sparse data},
  author={Dinkel, Heinrich and Wu, Mengyue and Yu, Kai},
  journal={arXiv preprint arXiv:1904.05154},
  year={2019}
}