@inproceedings{bowman2015large,
  title={A large annotated corpus for learning natural language inference},
  author={Bowman, Samuel and Angeli, Gabor and Potts, Christopher and Manning, Christopher D},
  booktitle={Proceedings of the 2015 Conference on Empirical Methods in Natural Language Processing},
  pages={632--642},
  year={2015}
}

@article{wang2018glue,
  title={GLUE: A Multi-Task Benchmark and Analysis Platform for Natural Language Understanding},
  author={Wang, Alex and Singh, Amanpreet and Michael, Julian and Hill, Felix and Levy, Omer and Bowman, Samuel R},
  journal={EMNLP 2018},
  pages={353},
  year={2018}
}

@article{bowmanlarge,
  title={A large annotated corpus for learning natural language inference},
  author={Bowman, Samuel R and Angeli, Gabor and Potts, Christopher and Manning, Christopher D}
}

@inproceedings{niven2019probing,
  title={Probing Neural Network Comprehension of Natural Language Arguments},
  author={Niven, Timothy and Kao, Hung-Yu},
  booktitle={Proceedings of the 57th Annual Meeting of the Association for Computational Linguistics},
  pages={4658--4664},
  year={2019}
}

@inproceedings{mostafazadeh2016corpus,
  title={A Corpus and Cloze Evaluation for Deeper Understanding of Commonsense Stories},
  author={Mostafazadeh, Nasrin and Chambers, Nathanael and He, Xiaodong and Parikh, Devi and Batra, Dhruv and Vanderwende, Lucy and Kohli, Pushmeet and Allen, James},
  booktitle={Proceedings of the 2016 Conference of the North American Chapter of the Association for Computational Linguistics: Human Language Technologies},
  pages={839--849},
  year={2016}
}

@inproceedings{roemmele2011choice,
  title={Choice of plausible alternatives: An evaluation of commonsense causal reasoning},
  author={Roemmele, Melissa and Bejan, Cosmin Adrian and Gordon, Andrew S},
  booktitle={2011 AAAI Spring Symposium Series},
  year={2011}
}

@inproceedings{zellers2018swag,
  title={SWAG: A Large-Scale Adversarial Dataset for Grounded Commonsense Inference},
  author={Zellers, Rowan and Bisk, Yonatan and Schwartz, Roy and Choi, Yejin},
  booktitle={Proceedings of the 2018 Conference on Empirical Methods in Natural Language Processing},
  pages={93--104},
  year={2018}
}

@inproceedings{lai2017race,
  title={RACE: Large-scale ReAding Comprehension Dataset From Examinations},
  author={Lai, Guokun and Xie, Qizhe and Liu, Hanxiao and Yang, Yiming and Hovy, Eduard},
  booktitle={Proceedings of the 2017 Conference on Empirical Methods in Natural Language Processing},
  pages={785--794},
  year={2017}
}

@inproceedings{naik2018stress,
  title={Stress Test Evaluation for Natural Language Inference},
  author={Naik, Aakanksha and Ravichander, Abhilasha and Sadeh, Norman and Rose, Carolyn and Neubig, Graham},
  booktitle={Proceedings of the 27th International Conference on Computational Linguistics},
  pages={2340--2353},
  year={2018}
}

@inproceedings{mccoy2019right,
  title={Right for the Wrong Reasons: Diagnosing Syntactic Heuristics in Natural Language Inference},
  author={McCoy, Tom and Pavlick, Ellie and Linzen, Tal},
  booktitle={Proceedings of the 57th Annual Meeting of the Association for Computational Linguistics},
  pages={3428--3448},
  year={2019}
}

@inproceedings{sanchez2018behavior,
  title={Behavior analysis of nli models: Uncovering the influence of three factors on robustness},
  author={Sanchez, Ivan and Mitchell, Jeff and Riedel, Sebastian},
  booktitle={Proceedings of the 2018 Conference of the North American Chapter of the Association for Computational Linguistics: Human Language Technologies, Volume 1 (Long Papers)},
  pages={1975--1985},
  year={2018}
}

@inproceedings{gururangan2018annotation,
  title={Annotation Artifacts in Natural Language Inference Data},
  author={Gururangan, Suchin and Swayamdipta, Swabha and Levy, Omer and Schwartz, Roy and Bowman, Samuel and Smith, Noah A},
  booktitle={Proceedings of the 2018 Conference of the North American Chapter of the Association for Computational Linguistics: Human Language Technologies, Volume 2 (Short Papers)},
  pages={107--112},
  year={2018}
}

@inproceedings{poliak2018hypothesis,
  title={Hypothesis Only Baselines in Natural Language Inference},
  author={Poliak, Adam and Naradowsky, Jason and Haldar, Aparajita and Rudinger, Rachel and Van Durme, Benjamin},
  booktitle={Proceedings of the Seventh Joint Conference on Lexical and Computational Semantics},
  pages={180--191},
  year={2018}
}

@article{bras2020adversarial,
  title={Adversarial Filters of Dataset Biases},
  author={Bras, Ronan Le and Swayamdipta, Swabha and Bhagavatula, Chandra and Zellers, Rowan and Peters, Matthew E and Sabharwal, Ashish and Choi, Yejin},
  journal={arXiv preprint arXiv:2002.04108},
  year={2020}
}

@inproceedings{wang2019if,
  title={What if we simply swap the two text fragments? A straightforward yet effective way to test the robustness of methods to confounding signals in nature language inference tasks},
  author={Wang, Haohan and Sun, Da and Xing, Eric P},
  booktitle={Proceedings of the AAAI Conference on Artificial Intelligence},
  volume={33},
  pages={7136--7143},
  year={2019}
}

@article{kavumbabalanced-copa,
  title={Balanced COPA: Countering Superficial Cues in Causal Reasoning},
  author={Kavumba, Pride and Inoue, Naoya and Heinzerling, Benjamin and Singh, Keshav and Reisert, Paul and Inui, Kentaro}
}