@article{devlin2018bert,
  title={Bert: Pre-training of deep bidirectional transformers for language understanding},
  author={Devlin, Jacob and Chang, Ming-Wei and Lee, Kenton and Toutanova, Kristina},
  journal={arXiv preprint arXiv:1810.04805},
  year={2018}
}

@article{peters2018deep,
  title={Deep contextualized word representations},
  author={Peters, Matthew E and Neumann, Mark and Iyyer, Mohit and Gardner, Matt and Clark, Christopher and Lee, Kenton and Zettlemoyer, Luke},
  journal={arXiv preprint arXiv:1802.05365},
  year={2018}
}

@article{joulin2016bag,
  title={Bag of tricks for efficient text classification},
  author={Joulin, Armand and Grave, Edouard and Bojanowski, Piotr and Mikolov, Tomas},
  journal={arXiv preprint arXiv:1607.01759},
  year={2016}
}

@article{tong2001support,
  title={Support vector machine active learning with applications to text classification},
  author={Tong, Simon and Koller, Daphne},
  journal={Journal of machine learning research},
  volume={2},
  number={Nov},
  pages={45--66},
  year={2001}
}

@inproceedings{mccallumzy1998employing,
  title={Employing EM and pool-based active learning for text classification},
  author={McCallumzy, Andrew Kachites and Nigamy, Kamal},
  booktitle={Proc. International Conference on Machine Learning (ICML)},
  pages={359--367},
  year={1998},
  organization={Citeseer}
}

@book{freeman1965elementary,
  title={Elementary applied statistics: for students in behavioral science},
  author={Freeman, Linton C},
  year={1965},
  publisher={John Wiley \& Sons}
}

@inproceedings{kampffmeyer2016semantic,
  title={Semantic segmentation of small objects and modeling of uncertainty in urban remote sensing images using deep convolutional neural networks},
  author={Kampffmeyer, Michael and Salberg, Arnt-Borre and Jenssen, Robert},
  booktitle={Proceedings of the IEEE conference on computer vision and pattern recognition workshops},
  pages={1--9},
  year={2016}
}

@article{houlsby2011bayesian,
  title={Bayesian active learning for classification and preference learning},
  author={Houlsby, Neil and Husz{\'a}r, Ferenc and Ghahramani, Zoubin and Lengyel, M{\'a}t{\'e}},
  journal={arXiv preprint arXiv:1112.5745},
  year={2011}
}

@misc{zhao2017deep,
  title={Deep Active Learning for Short-Text Classification},
  author={Zhao, Wenquan},
  year={2017}
}

@article{hofstatter2019let,
  title={Let's measure run time! Extending the IR replicability infrastructure to include performance aspects},
  author={Hofst{\"a}tter, Sebastian and Hanbury, Allan},
  journal={arXiv preprint arXiv:1907.04614},
  year={2019}
}

@misc{Liang2019,
  author = {Liang Xu},
  title = {all kinds of text classification models and more with deep learning},
  year = {2019},
  publisher = {GitHub},
  journal = {GitHub repository},
  howpublished = {\url{https://github.com/brightmart/text_classification}}
 }
 
@inproceedings{pennington2014glove,
	title={Glove: Global vectors for word representation},
	author={Pennington, Jeffrey and Socher, Richard and Manning, Christopher},
	booktitle={Proceedings of the 2014 conference on empirical methods in natural language processing (EMNLP)},
	pages={1532--1543},
	year={2014}
}

@inproceedings{konyushkova2017learning,
  title={Learning active learning from data},
  author={Konyushkova, Ksenia and Sznitman, Raphael and Fua, Pascal},
  booktitle={Advances in Neural Information Processing Systems},
  pages={4225--4235},
  year={2017}
}


@inproceedings{mikolov2018advances,
	title={Advances in Pre-Training Distributed Word Representations},
	author={Mikolov, Tomas and Grave, Edouard and Bojanowski, Piotr and Puhrsch, Christian and Joulin, Armand},
	booktitle={Proceedings of the International Conference on Language Resources and Evaluation (LREC 2018)},
	year={2018}
}
}

@misc{ftblog,
  author = {Piotr Bojanowski and Edouard Grave and Armand Joulin and Tomas Mikolov},
  title = {Faster, better text classification!},
  year = {2016},
  howpublished = {\url{https://research.fb.com/fasttext/}}
}

@article{bojanowski2017enriching,
  title={Enriching word vectors with subword information},
  author={Bojanowski, Piotr and Grave, Edouard and Joulin, Armand and Mikolov, Tomas},
  journal={Transactions of the Association for Computational Linguistics},
  volume={5},
  pages={135--146},
  year={2017},
  publisher={MIT Press}
}

@inproceedings{gilad2006query,
  title={Query by committee made real},
  author={Gilad-Bachrach, Ran and Navot, Amir and Tishby, Naftali},
  booktitle={Advances in neural information processing systems},
  pages={443--450},
  year={2006}
}

@article{sznitman2010active,
  title={Active testing for face detection and localization},
  author={Sznitman, Raphael and Jedynak, Bruno},
  journal={IEEE Transactions on Pattern Analysis and Machine Intelligence},
  volume={32},
  number={10},
  pages={1914--1920},
  year={2010},
  publisher={IEEE}
}

@article{joshi2012scalable,
  title={Scalable active learning for multiclass image classification},
  author={Joshi, Ajay J and Porikli, Fatih and Papanikolopoulos, Nikolaos P},
  journal={IEEE transactions on pattern analysis and machine intelligence},
  volume={34},
  number={11},
  pages={2259--2273},
  year={2012},
  publisher={IEEE}
}

@article{sener2017active,
  title={Active learning for convolutional neural networks: A core-set approach},
  author={Sener, Ozan and Savarese, Silvio},
  journal={arXiv preprint arXiv:1708.00489},
  year={2017}
}

@inproceedings{kapoor2007active,
  title={Active learning with gaussian processes for object categorization},
  author={Kapoor, Ashish and Grauman, Kristen and Urtasun, Raquel and Darrell, Trevor},
  booktitle={2007 IEEE 11th International Conference on Computer Vision},
  pages={1--8},
  year={2007},
  organization={IEEE}
}

@inproceedings{vezhnevets2012weakly,
  title={Weakly supervised structured output learning for semantic segmentation},
  author={Vezhnevets, Alexander and Ferrari, Vittorio and Buhmann, Joachim M},
  booktitle={2012 IEEE Conference on Computer Vision and Pattern Recognition},
  pages={845--852},
  year={2012},
  organization={IEEE}
}

@article{luo2005active,
  title={Active learning to recognize multiple types of plankton},
  author={Luo, Tong and Kramer, Kurt and Goldgof, Dmitry B and Hall, Lawrence O and Samson, Scott and Remsen, Andrew and Hopkins, Thomas},
  journal={Journal of Machine Learning Research},
  volume={6},
  number={Apr},
  pages={589--613},
  year={2005}
}

@article{olsson2009literature,
  title={A literature survey of active machine learning in the context of natural language processing},
  author={Olsson, Fredrik},
  year={2009},
  publisher={Swedish Institute of Computer Science}
}

@techreport{settles2009active,
  title={Active learning literature survey},
  author={Settles, Burr},
  year={2009},
  institution={University of Wisconsin-Madison}
}

@article{sener2017geometric,
  title={A geometric approach to active learning for convolutional neural networks},
  author={Sener, Ozan and Savarese, Silvio},
  journal={arXiv preprint arXiv},
  volume={1708},
  pages={1},
  year={2017}
}

@article{xu2017self,
	title={Self-taught convolutional neural networks for short text clustering},
	author={Xu, Jiaming and Xu, Bo and Wang, Peng and Zheng, Suncong and Tian, Guanhua and Zhao, Jun},
	journal={Neural Networks},
	volume={88},
	pages={22--31},
	year={2017},
	publisher={Elsevier}
}