@BOOK{Harris:Distributional,
    AUTHOR = "Z. Harris",
    TITLE = "Distributional Structure",
    PUBLISHER = "The Philosophy of Linguistics",
    YEAR = "1985"   }

@INPROCEEDINGS{Hearst:Automatic,
    AUTHOR = "M. A. Hearst",
    TITLE = "Automatic Acquisition of Hyponyms from Large Text Corpora",
    BOOKTITLE = "Proceedings of COLING'92",
    PAGES = "539-545",
    YEAR = {1992}   }

@BOOK{Joachims:Learning,
    AUTHOR = "T. Joachims",
    TITLE = "Learning to Classify Text Using Support Vector Machines: Methods, Theory and Algorithms",
    PUBLISHER = "Kluwer Academic Publishers",
    ADDRESS = "Norwell, MA, USA",
    YEAR = "2002"   }

@INPROCEEDINGS{Skounakis:Evidence,
    AUTHOR = "M. Skounakis and M. Craven",
    TITLE = "Evidence Combination in Biomedical Natural-language Processing",
    BOOKTITLE = "BIOKDD",
    PAGES = "25-32",
    YEAR = {2003}   }

@INPROCEEDINGS{Kate:Joint,
    AUTHOR = "R. J. Kate and R. J. Mooney",
    TITLE = "Joint Entity and Relation Extraction using Card-pyramid Parsing",
    BOOKTITLE = "CoNLL'10",
    PAGES = "203-212",
    YEAR = {2010}   }

@INPROCEEDINGS{Nguyen:End,
    AUTHOR = "T. T. Nguyen and A. Moschitti",
    TITLE = "End-to-End Relation Extraction Using Distant Supervision from External Semantic Repositories",
    BOOKTITLE = "ACL'11",
    PAGES = "277-282",
    YEAR = {2011}   }

@INPROCEEDINGS{Brin:Extracting,
    AUTHOR = "S. Brin",
    TITLE = "Extracting Patterns and Relations from the World Wide Web",
    BOOKTITLE = "EDBT'98",
    PAGES = "172-183",
    YEAR = {1998}   }

@INPROCEEDINGS{Chen:Semi,
    AUTHOR = "Jinxiu Chen and Donghong Ji and Chew L. Tan and Zhengyu Niu",
    TITLE = "Semi-supervised Relation Extraction with Label Propagation",
    BOOKTITLE = "ACL'06",
    PAGES = "25-28",
    YEAR = {2006}   }

@INPROCEEDINGS{Banko:TextRunner,
    AUTHOR = "Alexander Yates and Michael Cafarella and Michele Banko and Oren Etzioni and Matthew Broadhead and Stephen Soderland",
    TITLE = "TextRunner: Open Information Extraction on the Web",
    BOOKTITLE = "NAACL HLT Demonstration Program",
    PAGES = "25-26",
    YEAR = {2007}   }

@INPROCEEDINGS{Hoffmann:Knowledge,
    AUTHOR = "Raphael Hoffmann and Xiao Ling and Luke S. Zettlemoyer and Daniel S. Weld",
    TITLE = "Knowledge-Based Weak Supervision for Information Extraction of Overlapping Relations",
    BOOKTITLE = "NAACL HLT Workshop",
    PAGES = "541-550",
    YEAR = {2001}   }

@INPROCEEDINGS{Riloff:Learning,
    AUTHOR = "E. Riloff and R. Jones",
    TITLE = "Learning Dictionaries for Information Extraction by Multi-level Bootstrapping",
    BOOKTITLE = "AAAI/IAAI'99",
    PAGES = "474-479",
    YEAR = {1999}   }

@INPROCEEDINGS{Agichtein:Snowball,
    AUTHOR = "E. Agichtein and L. Gravano",
    TITLE = "Snowball: Extracting Relations from Large Plain-text Collections",
    BOOKTITLE = "the 5th ACM Internal Conference on Digital Libraries",
    PAGES = "85-94",
    YEAR = {2000}   }

@ARTICLE{Agichtein:Extracting,
    AUTHOR = "E. Agichtein",
    TITLE = "Extracting Relations From Large Text Collections",
    JOURNAL = "Ph.D. thesis, Department of Computer Science, Columbia University",
    YEAR = {2005}   }

@INPROCEEDINGS{Feldman:Boosting,
    AUTHOR = "R. Feldman and B. Rosenfeld",
    TITLE = "Boosting Unsupervised Relation Extraction by Using NER",
    BOOKTITLE = "EMNLP'06",
    PAGES = "473-481",
    YEAR = {2006}   }

@INPROCEEDINGS{Culotta:Confidence,
    AUTHOR = "O. Culotta and A. McCallum",
    TITLE = "Confidence Estimation for Information Extraction",
    BOOKTITLE = "HLT-AACL'04",
    PAGES = "109-112",
    YEAR = {2004}   }

@ARTICLE{Etzioni:Unsupervised,
    AUTHOR = "Oren Etzioni and Michael J. Cafarella and Doug Downey and Ana-Maria Popescu and Tal Shaked and Stephen Soderland and Daniel S. Weld and Alexander Yates",
    TITLE = "Unsupervised Named-entity Extraction from the Web: An Experimental Study",
    JOURNAL = "ARTIFICIAL INTELLIGENCE",
    VOLUME = {165},
    PAGES = {91-134},
    YEAR = {2005}   }

@INPROCEEDINGS{Downey:Probabilistic,
    AUTHOR = "Doug Downey and Oren Etzioni and Stephen Soderland",
    TITLE = "A Probabilistic Model of Redundancy in Information Extraction",
    BOOKTITLE = "IJCAI'05",
    PAGES = "1034-1041",
    YEAR = {2005}   }

@INPROCEEDINGS{Yan:Unsupervised,
    AUTHOR = "Yulan Yan and Naoaki Okazaki and Yutaka Matsuo and Zhenglu Yang and Mitsuru Ishizuka",
    TITLE = "Unsupervised Relation Extraction by Mining Wikipedia Texts Using Information from the Web",
    BOOKTITLE = "ACL/IJCNLP'09",
    PAGES = "1021-1029",
    YEAR = {2009}   }

@INPROCEEDINGS{Downey:Sparse,
    AUTHOR = "Doug Downey and Stefan Schoenmackers and Oren Etzioni",
    TITLE = "Sparse Information Extraction: Unsupervised Language Models to the Rescue",
    BOOKTITLE = "ACL'07",
    PAGES = "696-703",
    YEAR = {2007}   }

@INPROCEEDINGS{Ahuja:Improved,
    AUTHOR = "A. Ahuja and D. Downey",
    TITLE = "Improved Extraction Assessment through Better Language Models",
    BOOKTITLE = "Human Language Technologies",
    PAGES = "225-228",
    YEAR = {2010}   }

@INPROCEEDINGS{Yao:Collective,
    AUTHOR = "Limin Yao and Sebastian Riedel and Andrew McCallum",
    TITLE = "Collective Cross-Document Relation Extraction Without Labeled Data",
    BOOKTITLE = "EMNLP'10",
    PAGES = "1013-1023",
    YEAR = {2010}   }

@INPROCEEDINGS{Xu:Boosting,
    AUTHOR = "Feiyu Xu and Hans Uszkoreit and Sebastian Krause and Hong Li",
    TITLE = "Boosting Relation Extraction with Limited Closed-World Knowledge",
    BOOKTITLE = "COLING'10",
    PAGES = "1354-1362",
    YEAR = {2010}   }

@INPROCEEDINGS{Wang:Toward,
    AUTHOR = "Yue Wang and Hongsong Li and Haixun Wang and Kenny Zhu",
    TITLE = "Toward Topic Search on the Web",
    BOOKTITLE = "Technical report, Microsoft Research",
    YEAR = {2011}   }


@INPROCEEDINGS{Etzioni:Open,
    AUTHOR = "Oren Etzioni and Anthony Fader and Janara Christensen and Stephen Soderland and Mausam",
    TITLE = "Open Information Extraction: the Second Generation",
    BOOKTITLE = "IJCAI'11",
    PAGES = "3-10",
    YEAR = {2011}   }

@INPROCEEDINGS{Wu:Open,
    AUTHOR = "F. Wu and D. S. Weld",
    TITLE = "Open Information Extraction using Wikipedia",
    BOOKTITLE = "ACL'10",
    PAGES = "118-127",
    YEAR = {2010}   }

@INPROCEEDINGS{Zhu:StatSnowball,
    AUTHOR = "Jun Zhu and Zaiqing Nie and Xiaojiang Liu and Bo Zhang and Ji-rong Wen",
    TITLE = "StatSnowball: a Statistical Approach to Extracting Entity Relationships",
    BOOKTITLE = "WWW'09",
    PAGES = "101-110",
    YEAR = {2009}   }

@INPROCEEDINGS{Etzioni:Web,
    AUTHOR = "Oren Etzioni and Michael Cafarella and Doug Downey and Stanley Kok and Ana M. Popescu and Tal Shaked and Stephen Soderland and Daniel S. Weld and Alexander Yates",
    TITLE = "Web-Scale Information Extraction in Knowitall",
    BOOKTITLE = "WWW'04",
    PAGES = "100-110",
    YEAR = {2004}   }


@INPROCEEDINGS{Wu:Extraction,
    AUTHOR = "Fei Wu and Raphael Hoffmann and Daniel S. Weld",
    TITLE = "Information Extraction from Wikipedia: Moving Down the Long Tail",
    BOOKTITLE = "KDD'08",
    PAGES = "731-739",
    YEAR = {2008}   }

@INPROCEEDINGS{Ritter:What,
    AUTHOR = "Alan Ritter and Stephen Soderland and Oren Etzioni",
    TITLE = "What is this, anyway: Automatic Hypernym Discovery",
    BOOKTITLE = "AAAI Spring Symposium on Learning by Reading and Learning to Read",
    PAGES = "88-93",
    YEAR = {2009}   }

@INPROCEEDINGS{Reichartz:Semantic,
    AUTHOR = "Frank Reichartz and Hannes Korte and Gerhard Paass",
    TITLE = "Semantic relation extraction with kernels over typed dependency trees",
    BOOKTITLE = "KDD'10",
    PAGES = "773-782",
    YEAR = {2010}   }

@INPROCEEDINGS{Daisuke:Information,
    AUTHOR = "Daisuke Nakajima and Yuki Mitsui and Masaki Samejima and Masanori Akiyoshi",
    TITLE = "An Information Extraction Method from Different Structural Web Sites by Word Distances Between a User Instantiated Label and Similar Entity",
    BOOKTITLE = "ICDMW'11",
    PAGES = "1177-1182",
    YEAR = {2011}   }

@INPROCEEDINGS{Song:Short,
    AUTHOR = "Yangqiu Song and Haixun Wang and Zhongyuan Wang and Hongsong Li and Weizhu Chen",
    TITLE = "Short Text Conceptualization using a Probabilistic Knowledgebase",
    BOOKTITLE = "IJCAI'11",
    PAGES = "2330-2336",
    YEAR = {2011}   }

@INPROCEEDINGS{Bradley:Clustering,
    AUTHOR = "Paul S. Bradley and Olvi L. Mangasarian and William N. Street",
    TITLE = "Clustering via Concave Minimization",
    BOOKTITLE = "Advances in Neural Information Processing Systems",
    PAGES = "368-374",
    YEAR = {1997}   }

@INPROCEEDINGS{11MSRA:Probase,
    AUTHOR = "Wentao Wu and Hongsong Li and Haixun Wang and Kenny Q. Zhu",
    TITLE = "Towards a Probabilistic Taxonomy of Many Concepts",
    BOOKTITLE = "Technical Report MSR-TR-2011-25, Microsoft Research",
    YEAR = {2011}   }

@INPROCEEDINGS{12MSRA:Probase,
    AUTHOR = "Wentao Wu and Hongsong Li and Haixun Wang and Kenny Q. Zhu",
    TITLE = "Probase: a probabilistic taxonomy for text understanding",
    BOOKTITLE = "Proceedings of SIGMOD'12",
    PAGES = "481-492",
    YEAR = {2012}   }

@INPROCEEDINGS{S:YAGO,
    AUTHOR = "Fabian M. Suchanek and Gjergji Kasneci and Gerhard Weikum",
    TITLE = "YAGO: a core of the semantic knowledge",
    BOOKTITLE = "WWW'07",
    PAGES = "697-706",
    YEAR = {2007}   }

@INPROCEEDINGS{S:YAGO2,
    AUTHOR = "Johannes Hoffart and Fabian M. Suchanek and Klaus Berberich and Edwin L. Kelham and Gerard de Melo and Gerhard Weikum",
    TITLE = "YAGO2: Exploring and Querying World Knowledge in Time, Space, Context, and Many Languages",
    BOOKTITLE = "WWW'11",
    PAGES = "229-232",
    YEAR = {2011}   }

@INPROCEEDINGS{Ponzetto:Wiki,
    AUTHOR = "Simone P. Ponzetto and Michael Strube",
    TITLE = "Deriving a Large-Scale Taxonomy from Wikipedia",
    BOOKTITLE = "AAAI'07",
    PAGES = "1440-1445",
    YEAR = {2007}   }


@INPROCEEDINGS{Auer:DBPedia,
    AUTHOR = "Soren Auer and Christian Bizer and Georgi Kobilarov and Jens Lehmann and Richard Cyganiak and Zachary Ives",
    TITLE = "DBpedia: A Nucleus for a Web of Open Data",
    BOOKTITLE = "ISWC/ASWC'07",
    PAGES = "722-735",
    YEAR = {2007}   }

@INPROCEEDINGS{Carlson:NELL,
    AUTHOR = "Andrew Carlson and Justin Betteridge and Bryan Kisiel and Burr Settles and Estevam R. Hruschka and Tom M. Mitchell",
    TITLE = "Toward an Architecture for Never-Ending language Learning",
    BOOKTITLE = "AAAI'10",
    PAGES = "1306-1313",
    YEAR = {2010}   }


@INPROCEEDINGS{Singh:OMCS,
    AUTHOR = "Push Singh and Thomas Lin and Erik T. Mueller and Grace Lim and Travell Perkins and Wan L. Zhu",
    TITLE = "Open Mind Common Sense: Knowledge Acquisition from the General Public",
    BOOKTITLE = "On the Move to Meaningful Internet Systems: DOA/CoopIS/ODBASE",
    PAGES = "1223-1237",
    YEAR = {2002}   }


@BOOK{Lenat:Building,
    AUTHOR = "Douglas B. Lenat and R. V. Guha",
    TITLE = "Building Large Knowledge-Based Systems; Representation and Inference in the Cyc Project",
    PUBLISHER = "Addison-Wesley",
    YEAR = "1989"   }

@ARTICLE{Rada:1989,
    AUTHOR = "R. Rada and H. Mili and E. Bichnell and M. Blettner",
    TITLE = "Development and Application of a Metric on Semanticnets",
    JOURNAL = "IEEE Transactions on Systems, Man and Cybernetics",
    VOLUME = {9},
    ISSUE = {1},
    PAGES = "17-30",
    YEAR = {1989}   }

@INPROCEEDINGS{Resnik:1995,
    AUTHOR = "P. Resnik",
    TITLE = "Using Information Content to Evaluate Semantic Similarity in a Taxonomy",
    BOOKTITLE = "Proceedings of IJCAI'95",
    PAGES = "448-453",
    YEAR = {1995}   }

@INPROCEEDINGS{Jiang:1997,
    AUTHOR = "J.J. Jiang and D.W. Conrath",
    TITLE = "Semantic similarity based on corpus statistics and lexical taxonomy",
    BOOKTITLE = "Proceedings of International Conference on Research in Computational Linguistics",
    PAGES = "19-33",
    YEAR = {1997}   }

@INPROCEEDINGS{Lin:1998,
    AUTHOR = "D. Lin",
    TITLE = "An information-theoretic definition of similarity",
    BOOKTITLE = "Proceedings of ICML'98",
    PAGES = "296-304",
    YEAR = {1998}   }

@BOOK{Blank:2001,
    AUTHOR = "A. Blank",
    TITLE = "Words and Concepts in Time: Towards Diachronic Cognitive Onomasiology",
    PUBLISHER = "Mouton de Gruyter",
    YEAR = "2003"   }


@INPROCEEDINGS{Seco:2004,
    AUTHOR = "N. Seco and T. Veale and J. Hayes",
    TITLE = "An intrinsic information content metric for semantic similarity in WordNet",
    BOOKTITLE = "Proceedings of ECAI'04",
    PAGES = "1089-1090",
    YEAR = {2004}   }

@ARTICLE{Petrakis:2006,
    AUTHOR = "E.G.M. Petrakis and G. Varelas and A. Hliaoutakis and P. Raftopoulou",
    TITLE = "X-similarity: computing semantic similarity between concepts from different ontologies",
    JOURNAL = "Digit Information Management",
    VOLUME = {4},
    PAGES = "233-237",
    YEAR = {2006}   }

@INPROCEEDINGS{Zhou:2008,
    AUTHOR = "Z. Zhou and Y. Wang and J. Gu",
    TITLE = "A new model of information content for semantic similarity in WordNet",
    BOOKTITLE = "Proceedings of 2nd International Conference on Future Generation Communication and Networking Symposia",
    PAGES = "85-89",
    YEAR = {2008}   }

@ARTICLE{Snchez:2011,
    AUTHOR = "David S\'{a}nchez and Montserrat Batet and David Isern",
    TITLE = "Ontology-based information content computation",
    JOURNAL = "Knowledge-Based Systems",
    VOLUME = {24},
    PAGES = "297-303",
    YEAR = {2011}   }

@ARTICLE{Miller:1998,
    AUTHOR = "G. Miller and W. Charles",
    TITLE = "Contextual correlates of semantic similarity",
    JOURNAL = "Language and Cognitive Processes",
    VOLUME = {6},
    PAGES = "1-28",
    YEAR = {1998}   }

@INPROCEEDINGS{Bollegala:2007,
    AUTHOR = "D. Bollegala and Y. Matsuo and M. Ishizuka",
    TITLE = "Measuring semantic similarity between words using web search engines",
    BOOKTITLE = "Proceedings of WWW'07",
    PAGES = "757-766",
    YEAR = {2007}   }

@TECHREPORT{Moore:1991,
    AUTHOR = "Andrew W. Moore",
    TITLE = "An intoductory tutorial on kd-trees",
    PUBLISHER  = "University of Cambridge Computer Laboratory Technical Report No. 209",
    YEAR = {1991}   }

@ARTICLE{Ng:2007,
    AUTHOR = "M.-K. Ng and M.-J. Li and Z.-X. Huang and Z.-Y. He",
    TITLE = "On the impact of dissimilarity measure in k-modes clustering algorithm",
    JOURNAL = "IEEE Transactions on Pattern Analysis and Machine Intelligence",
    VOLUME = {29},
    PAGES = "503-507",
    YEAR = {2007}   }

@ARTICLE{Budanitsky:2006,
    AUTHOR = "A. Budanitsky and G. Hirst",
    TITLE = "Evaluating WordNet-based Measures of Lexical Semantic Relatedness",
    JOURNAL = "Computational Linguistics",
    VOLUME = {32},
    PAGES = "13-47",
    YEAR = {2006}   }

@ARTICLE{Bollegala:2011,
    AUTHOR = "Danushka Bollegala and Yutaka Matsuo and Mitsuru Ishizuka",
    TITLE = "A Web Search Engine-based Approach to Measure Semantic Similarity between Words",
    JOURNAL = "IEEE Transactions on Knowledge and Data Enginering",
    VOLUME = {23},
    PAGES = "977-990",
    YEAR = {2011}   }

@INPROCEEDINGS{Sahami:2006,
    AUTHOR = "M. Sahami and T. Heilman",
    TITLE = "A web-based kernel function for measuring the similarity of short text snippets",
    BOOKTITLE = "Proceedings of 15th International World Wide Web Conference",
    PAGES = "377-386",
    YEAR = {2006}   }

@INPROCEEDINGS{Chen:2006,
    AUTHOR = "H. Chen and M. Lin and Y. Wei",
    TITLE = "Novel association measures using web search with double checking",
    BOOKTITLE = "Proceedings of the COLING/ACL 2006",
    PAGES = "1009-1016",
    YEAR = {2006}   }

@INPROCEEDINGS{Agirre:2009,
    AUTHOR = "E. Agirre and A. Soroa and E. Alfonseca and K. Hall and J. Kravalova and M. Pasca",
    TITLE = "A study on similarity and relatedness using distributional and WordNet-based approaches",
    BOOKTITLE = "Proceedings of NAACL'09",
    PAGES = "19-27",
    YEAR = {2009}   }

@INPROCEEDINGS{Soroa:2009,
    AUTHOR = "E. Agirre and A. Soroa",
    TITLE = "Personalizing pagerank for word sense disambiguation",
    BOOKTITLE = "Proceedings of EACL'09",
    PAGES = "33-41",
    YEAR = {2009}   }


@INPROCEEDINGS{Alvarez:2007,
    AUTHOR = "M.A. Alvarez and S.J. Lim",
    TITLE = "A Graph Modeling of Semantic Similarity between Words",
    BOOKTITLE = "Proceedings of the Conference on Semantic Computing",
    PAGES = "355-362",
    YEAR = {2007}   }

@ARTICLE{Lee:1993,
    AUTHOR = "J.H. Lee and M.H. Kim and Y.J. Lee",
    TITLE = "Information Retrieval based on conceptual distance in IS-A hierarchies",
    JOURNAL = "Journal of Documentation",
    VOLUME = {49},
    PAGES = "188-207",
    YEAR = {1993}   }

@ARTICLE{Bandar:2003,
    AUTHOR = "Yuhua Li and Zuhair A. Bandar and David MaLean",
    TITLE = "An Approach for Measuring Semantic Similarity between Words Using Multiple Information Sources",
    JOURNAL = "IEEE Transaction on Knowledge and Data Engineering",
    VOLUME = {15},
    PAGES = "4",
    YEAR = {2003}}


@INPROCEEDINGS{Cao:2008,
    AUTHOR = "Huanhuan Cao and Daxin Jiang and Jian Pei and Qi He and Zhen Liao and Enhohng Chen and Hang Li",
    TITLE = "Context-Aware Query Suggestion by Mining Click-Through and Session Data",
    BOOKTITLE = "Proceedings of KDD'08",
    PAGES = "875-883",
    YEAR = {2008}   }

@INPROCEEDINGS{Lee:2011,
    AUTHOR = "Taesung Lee and Zhongyuan Wang and Haixun Wang and Seung-won Hwang",
    TITLE = "Web Scale Taxonomy Cleansing",
    BOOKTITLE = "Proceedings of VLDB'11",
    PAGES = "1295-1306",
    YEAR = {2011}   }


@INPROCEEDINGS{Agirre:2010,
    AUTHOR = "Eneko Agirre and Montse Cuadros and German Rigau and Aitor Soroa",
    TITLE = "Exploring Knowledge Bases for Similarity",
    BOOKTITLE = "Proceedings of LREC'10",
    PAGES = "373-377",
    YEAR = {2010}   }

@INPROCEEDINGS{Banerjee:2002,
    AUTHOR = "Satanjeev Banerjee and Ted Pedersen",
    TITLE = "An Adapted Lesk Algorithm for Word Sense Disambiguation Using WordNet",
    BOOKTITLE = "Proceedings of CICLING'02",
    PAGES = "136-145",
    YEAR = {2002}   }


@techreport{Do:DRSTV09,
  author = {Quang Do and Dan Roth and Mark Sammons and Yuancheng Tu and V.G.Vinod Vydiswaran},
  title = {Robust, Light-weight Approaches to compute Lexical Similarity},
  booktitle = {Computer Science Research and Technical Reports, University of Illinois},
  year = {2009},
  url = "http://cogcomp.cs.illinois.edu/papers/DRSTV09.pdf",
}

@INPROCEEDINGS{Hirst:1998,
    AUTHOR = "Graeme Hirst and David St-Onge",
    TITLE = "Lexical Chains as representations of context for the detection and correction of malapropisms",
    BOOKTITLE = "WordNet: An Electronic Lexical Database",
    PAGES = "305-332",
    YEAR = {1998}   }

@article{Miller1995,
  author    = {George A. Miller},
  title     = {{WordNet}: A Lexical Database for English},
  journal   = {Commun. ACM},
  volume    = {38},
  number    = {11},
  year      = {1995},
  pages     = {39-41}
}

@article{Bollegala:Supervised,
  author    = {Danushka Bollegala and Yutaka Matsuo and Mitsuru Ishizuka},
  title     = {A Supervised Classification approach for Measuring Relational Similarity between Word Pairs},
  journal   = {IEICE Transactions},
  volume    = {94},
  number    = {11},
  year      = {2011},
  pages     = {2227-2233}
}

@article{Rubenstein:1965,
  author    = {Herbert Rubenstein and John B. Goodenough},
  title     = {Contextual correlates of synonymy},
  journal   = {Communications of the ACM},
  volume    = {8},
  number    = {10},
  year      = {1965},
  pages     = {627-633}
}

@misc{wordSim:353,
  howpublished  = "http://www.cs.technion.ac.il/~gabr/resources/data/\\wordsim353/"
}

@misc{hungarian:string,
  howpublished  = "http://www.math.uwo.ca/\~mdawes/courses/344/kuhn-munkres.html"
}

@misc{tray:2005,
  howpublished  = "http://www.codeproject.com/Articles/11835/Word-\\Net-based-semantic-similarity-measurement"
}

@misc{BNC,
  howpublished  = "http://www.hcu.ox.ac.uk/BNC/"
}

@misc{Brown,
  howpublished  = "http://www.hit.uib.no/icame/cd"
}

@misc{semcor,
  howpublished  = "http://www.cs.unt.edu/\~rada/downloads.html\#semcor"
}

@article{Cilibrasi:Google,
  author    = {Rudi Cilibrasi and
               Paul M. B. Vit{\'a}nyi},
  title     = {The Google Similarity Distance},
  journal   = {IEEE Transactions on Knowledge and Data Enginering},
  volume    = {19},
  number    = {3},
  year      = {2007},
  pages     = {370-383}
}

@misc{jaccard,
  howpublished  = "http://en.wikipedia.org/wiki/Jaccard\_similarity"
}

@misc{JS,
  howpublished  = "http://en.wikipedia.org/wiki/Jensen\_Shannon\_\\divergence"
}

@misc{KL,
  howpublished  = "http://en.wikipedia.org/wiki/Kullback\_Leibler\_\\divergence"
}

@misc{wordNetSim,
  howpublished  = "http://wn-similarity.sourceforge.net/"
}
