@inproceedings{bechet2018atis,
	title={Is ATIS too shallow to go deeper for benchmarking Spoken Language Understanding models?},
	author={B{\'e}chet, Fr{\'e}d{\'e}ric and Raymond, Christian},
	booktitle={InterSpeech},
	year={2018}
}

@inproceedings{price1990evaluation,
	title={Evaluation of spoken language systems: The ATIS domain},
	author={Price, Patti J},
	booktitle={Speech and Natural Language},
	year={1990}
}

@article{yang2017transfer,
	title={Transfer learning for sequence tagging with hierarchical recurrent networks},
	author={Yang, Zhilin and Salakhutdinov, Ruslan and Cohen, William W},
	journal={arXiv},
	year={2017}
}

@inproceedings{peng2016improving,
	title={Improving named entity recognition for chinese social media with word segmentation representation learning},
	author={Peng, Nanyun and Dredze, Mark},
	booktitle={ACL},
	year={2016}
}

@article{peng2016multi,
	title={Multi-task multi-domain representation learning for sequence tagging},
	author={Peng, Nanyun and Dredze, Mark},
	journal={arXiv},
	year={2016}
}

@inproceedings{kudo2001chunking,
	title={Chunking with support vector machines},
	author={Kudo, Taku and Matsumoto, Yuji},
	booktitle={NAACL},
	year={2001}
}

@inproceedings{he2003data,
	title={A data-driven spoken language understanding system},
	author={He, Yulan and Young, Steve},
	booktitle={ASRU},
	year={2003}
}

@article{wang2005spoken,
	title={Spoken language understanding},
	author={Wang, Ye-Yi and Deng, Li and Acero, Alex},
	journal={IEEE Signal Processing Magazine},
	year={2005}
}

@incollection{caruana1998multitask,
	title={Multitask learning},
	author={Caruana, Rich},
	booktitle={Learning to learn},
	year={1998},
	publisher={Springer}
}

@article{lafferty2001conditional,
	title={Conditional random fields: Probabilistic models for segmenting and labeling sequence data},
	author={Lafferty, John and McCallum, Andrew and Pereira, Fernando CN},
	year={2001}
}

@inproceedings{sogaard2016deep,
  title={Deep multi-task learning with low level tasks supervised at lower layers},
  author={S{\o}gaard, Anders and Goldberg, Yoav},
  booktitle={ACL},
  year={2016}
}

@article{mesnil2015using,
	title={Using recurrent neural networks for slot filling in spoken language understanding},
	author={Mesnil, Gr{\'e}goire and Dauphin, Yann and Yao, Kaisheng and Bengio, Yoshua and Deng, Li and Hakkani-Tur, Dilek and He, Xiaodong and Heck, Larry and Tur, Gokhan and Yu, Dong and others},
	journal={TASLP},
	year={2015}
}

@inproceedings{raymond2007generative,
	title={Generative and discriminative algorithms for spoken language understanding},
	author={Raymond, Christian and Riccardi, Giuseppe},
	booktitle={INTERSPEECH},
	year={2007}
}

@inproceedings{yao2014spoken,
	title={Spoken language understanding using long short-term memory neural networks},
	author={Yao, Kaisheng and Peng, Baolin and Zhang, Yu and Yu, Dong and Zweig, Geoffrey and Shi, Yangyang},
	booktitle={SLT Workshop},
	year={2014}
}

@article{huang2015bidirectional,
	title={Bidirectional LSTM-CRF models for sequence tagging},
	author={Huang, Zhiheng and Xu, Wei and Yu, Kai},
	journal={arXiv},
	year={2015}
}

@article{reimers2017optimal,
	title={Optimal Hyperparameters for Deep LSTM-Networks for Sequence Labeling Tasks},
	author={Reimers, Nils and Gurevych, Iryna},
	journal={arXiv},
	year={2017}
}

@inProceedings{hakanni-tur2016multidomain,
	author    = {Hakkani-T\"{u}r, Dilek and Tur, Gokhan and Celikyilmaz, Asli and Chen, Yun-Nung and Gao, Jianfeng and Deng, Li and Wang, Ye-Yi},
	title	    = {Multi-Domain Joint Semantic Frame Parsing using Bi-directional RNN-LSTM},
	booktitle = {INTERSPEECH},
	year	    = {2016}
}

@inproceedings{sutskever2014sequence,
	title={Sequence to sequence learning with neural networks},
	author={Sutskever, Ilya and Vinyals, Oriol and Le, Quoc V},
	booktitle={NIPS},
	year={2014}
}

@inproceedings{vinyals2015show,
	title={Show and tell: A neural image caption generator},
	author={Vinyals, Oriol and Toshev, Alexander and Bengio, Samy and Erhan, Dumitru},
	booktitle={CVPR},
	year={2015}
}

@inproceedings{he2016deep,
	title={Deep residual learning for image recognition},
	author={He, Kaiming and Zhang, Xiangyu and Ren, Shaoqing and Sun, Jian},
	booktitle={CVPR},
	year={2016}
}

@inproceedings{zhai2017neural,
	title={Neural Models for Sequence Chunking.},
	author={Zhai, Feifei and Potdar, Saloni and Xiang, Bing and Zhou, Bowen},
	booktitle={AAAI},
	year={2017}
}

@inproceedings{yao2013recurrent,
	title={Recurrent neural networks for language understanding.},
	author={Yao, Kaisheng and Zweig, Geoffrey and Hwang, Mei-Yuh and Shi, Yangyang and Yu, Dong},
	booktitle={Interspeech},
	year={2013}
}

@article{peng2015recurrent,
	title={Recurrent neural networks with external memory for language understanding},
	author={Peng, Baolin and Yao, Kaisheng},
	journal={arXiv},
	year={2015}
}

@inproceedings{xu2013convolutional,
	title={Convolutional neural network based triangular crf for joint intent detection and slot filling},
	author={Xu, Puyang and Sarikaya, Ruhi},
	booktitle={ASRU},
	year={2013}
}

@inproceedings{vu2016bi,
	title={Bi-directional recurrent neural network with ranking loss for spoken language understanding},
	author={Vu, Ngoc Thang and Gupta, Pankaj and Adel, Heike and Sch{\"u}tze, Hinrich},
	booktitle={ICASSP},
	year={2016}
}

@article{vu2016sequential,
	title={Sequential convolutional neural networks for slot filling in spoken language understanding},
	author={Vu, Ngoc Thang},
	journal={arXiv},
	year={2016}
}

@article{kurata2016leveraging,
	title={Leveraging Sentence-level Information with Encoder LSTM for Semantic Slot Filling},
	author={Kurata, Gakuto and Xiang, Bing and Zhou, Bowen and Yu, Mo},
	journal={arXiv},
	year={2016}
}

@inproceedings{zhu2017encoder,
	title={Encoder-decoder with focus-mechanism for sequence labelling based spoken language understanding},
	author={Zhu, Su and Yu, Kai},
	booktitle={ICASSP},
	year={2017}
}

@inproceedings{zhang2016joint,
	title={A Joint Model of Intent Determination and Slot Filling for Spoken Language Understanding.},
	author={Zhang, Xiaodong and Wang, Houfeng},
	booktitle={IJCAI},
	year={2016}
}

@article{liu2016joint,
	title={Joint online spoken language understanding and language modeling with recurrent neural networks},
	author={Liu, Bing and Lane, Ian},
	journal={arXiv},
	year={2016}
}

@inproceedings{liu2015recurrent,
	title={Recurrent neural network structured output prediction for spoken language understanding},
	author={Liu, Bing and Lane, Ian},
	booktitle={NIPS Workshop},
	year={2015}
}

@inproceedings{radlinski2017theoretical,
	title={A theoretical framework for conversational search},
	author={Radlinski, Filip and Craswell, Nick},
	booktitle={CHIIR},
	year={2017}
}

@article{tan2017deep,
	title={Deep Semantic Role Labeling with Self-Attention},
	author={Tan, Zhixing and Wang, Mingxuan and Xie, Jun and Chen, Yidong and Shi, Xiaodong},
	journal={arXiv},
	year={2017}
}

@inproceedings{vaswani2017attention,
	title={Attention is all you need},
	author={Vaswani, Ashish and Shazeer, Noam and Parmar, Niki and Uszkoreit, Jakob and Jones, Llion and Gomez, Aidan N and Kaiser, {\L}ukasz and Polosukhin, Illia},
	booktitle={NIPS},
	year={2017}
}

@inproceedings{ren2018conversational,
	title={Conversational Query Understanding Using Sequence to Sequence Modeling},
	author={Ren, Gary and Ni, Xiaochuan and Malik, Manish and Ke, Qifa},
	booktitle={WWW},
	year={2018}
}

@inproceedings{yan2017building,
	title={Building Task-Oriented Dialogue Systems for Online Shopping.},
	author={Yan, Zhao and Duan, Nan and Chen, Peng and Zhou, Ming and Zhou, Jianshe and Li, Zhoujun},
	booktitle={AAAI},
	year={2017}
}

@inproceedings{peters2018deep,
	title={Deep Contextualized Word Representations},
	author={Peters, Matthew and Neumann, Mark and Iyyer, Mohit and Gardner, Matt and Clark, Christopher and Lee, Kenton and Zettlemoyer, Luke},
	booktitle={NAACL},
	year={2018}
}

@inproceedings{jou2016deep,
	title={Deep cross residual learning for multitask visual recognition},
	author={Jou, Brendan and Chang, Shih-Fu},
	booktitle={ACM MM},
	year={2016}
}

@inproceedings{mintz2009distant,
	title={Distant supervision for relation extraction without labeled data},
	author={Mintz, Mike and Bills, Steven and Snow, Rion and Jurafsky, Dan},
	booktitle={ACL},
	year={2009}
}