@article{mikolov2013efficient,
  title={Efficient estimation of word representations in vector space},
  author={Mikolov, Tomas and Chen, Kai and Corrado, Greg and Dean, Jeffrey},
  journal={arXiv preprint arXiv:1301.3781},
  year={2013}
}

@inproceedings{mikolov2013distributed,
  title={Distributed representations of words and phrases and their compositionality},
  author={Mikolov, Tomas and Sutskever, Ilya and Chen, Kai and Corrado, Greg S and Dean, Jeff},
  booktitle={NIPS'13},
  pages={3111--3119},
  year={2013}
}

@inproceedings{mikolov2013linguistic,
  title={Linguistic Regularities in Continuous Space Word Representations.},
  author={Mikolov, Tomas and Yih, Wen-tau and Zweig, Geoffrey},
  booktitle={HLT-NAACL},
  pages={746--751},
  year={2013}
}

@inproceedings{levy2014dependencybased,
  title={Dependencybased word embeddings},
  author={Levy, Omer and Goldberg, Yoav},
  booktitle={ACL'14},
  volume={2},
  pages={302--308},
  year={2014}
}

@inproceedings{baker1998berkeley,
  title={The berkeley framenet project},
  author={Baker, Collin F and Fillmore, Charles J and Lowe, John B},
  booktitle={Proceedings of the 17th international conference on Computational linguistics-Volume 1},
  pages={86--90},
  year={1998},
  organization={Association for Computational Linguistics}
}

@inproceedings{kipper2000class,
  title={Class-based construction of a verb lexicon},
  author={Kipper, Karin and Dang, Hoa Trang and Palmer, Martha and others},
  booktitle={AAAI/IAAI},
  pages={691--696},
  year={2000}
}

@inproceedings{wu2012probase,
  title={Probase: A probabilistic taxonomy for text understanding},
  author={Wu, Wentao and Li, Hongsong and Wang, Haixun and Zhu, Kenny Q},
  booktitle={SIGMOD'12},
  pages={481--492},
  year={2012},
  organization={ACM}
}

@misc{miller1998wordnet,
  title={Wordnet: An electronic lexical database},
  author={Miller, George and Fellbaum, Christiane},
  year={1998},
  publisher={MIT Press Cambridge}
}

@article{resnik1996selectional,
  title={Selectional constraints: An information-theoretic model and its computational realization},
  author={Resnik, Philip},
  journal={Cognition},
  volume={61},
  number={1},
  pages={127--159},
  year={1996},
  publisher={Elsevier}
}

@inproceedings{ritter2010latent,
  title={A latent dirichlet allocation method for selectional preferences},
  author={Ritter, Alan and Etzioni, Oren and others},
  booktitle={ACL'10},
  pages={424--434},
  year={2010},
  organization={Association for Computational Linguistics}
}

@misc{oxford,
author = {{Oxford University Press}},
title = {eat - definition of eat in {English} from the {Oxford} dictionary},
howpublished = "\url{http://www.oxforddictionaries.com/definition/english/eat}",
year = "2015"
}

@misc{cambridge,
author = {{Cambridge Dictionaries Online}},
title = {eat definition, meaning - what is eat in the {Cambridge
British English Dictionary}},
howpublished = "\url{http://dictionary.cambridge.org/dictionary/british/eat}",
year = "2015"
}

@inproceedings{manning2014stanford,
  title={The {Stanford} {CoreNLP} natural language processing toolkit},
  author={Manning, Christopher D and Surdeanu, Mihai and Bauer, John and Finkel, Jenny and Bethard, Steven J and McClosky, David},
  booktitle={ACL'14},
  pages={55--60},
  year={2014}
}

@inproceedings{fader2011identifying,
  title={Identifying relations for open information extraction},
  author={Fader, Anthony and Soderland, Stephen and Etzioni, Oren},
  booktitle={EMNLP'11},
  pages={1535--1545},
  year={2011},
  organization={Association for Computational Linguistics}
}

@inproceedings{gildea2002necessity,
  title={The necessity of parsing for predicate argument recognition},
  author={Gildea, Daniel and Palmer, Martha},
  booktitle={ACL'02},
  pages={239--246},
  year={2002},
  organization={Association for Computational Linguistics}
}

@inproceedings{abend2009unsupervised,
  title={Unsupervised argument identification for semantic role labeling},
  author={Abend, Omri and Reichart, Roi and Rappoport, Ari},
  booktitle={ACL/IJCNLP'09},
  pages={28--36},
  year={2009},
  organization={Association for Computational Linguistics}
}

@inproceedings{meza2009jointly,
  title={Jointly identifying predicates, arguments and senses using Markov logic},
  author={Meza-Ruiz, Ivan and Riedel, Sebastian},
  booktitle={NAACL'09},
  pages={155--163},
  year={2009},
  organization={Association for Computational Linguistics}
}

@inproceedings{goldberg2013dataset,
  title={A dataset of syntactic-ngrams over time from a very large corpus of english books},
  author={Goldberg, Yoav and Orwant, Jon},
  booktitle={Second Joint Conference on Lexical and Computational Semantics (* SEM)},
  volume={1},
  pages={241--247},
  year={2013}
}

@misc{googlengram,
  author = {Google},
  title = {Google syntactic N-gram},
  howpublished = "\url{http://commondatastorage.googleapis.com/books/syntactic-ngrams/index.html}",
  year={2013}
}

@inproceedings{chen2010semafor,
  title={{SEMAFOR}: Frame argument resolution with log-linear models},
  author={Chen, Desai and Schneider, Nathan and Das, Dipanjan and Smith, Noah A},
  booktitle={Proceedings of the 5th international workshop on semantic evaluation},
  pages={264--267},
  year={2010},
  organization={Association for Computational Linguistics}
}

@phdthesis{pantel2003clustering,
  title={Clustering by committee},
  author={Pantel, Patrick Andre},
  year={2003},
  school={Citeseer}
}

@article{li1998generalizing,
  title={Generalizing case frames using a thesaurus and the {MDL} principle},
  author={Li, Hang and Abe, Naoki},
  journal={Computational linguistics},
  volume={24},
  number={2},
  pages={217--244},
  year={1998},
  publisher={MIT Press}
}

@inproceedings{clark2001class,
  title={Class-based probability estimation using a semantic hierarchy},
  author={Clark, Stephen and Weir, David},
  booktitle={NAACL'01},
  pages={1--8},
  year={2001},
  organization={Association for Computational Linguistics}
}

@inproceedings{erk2007simple,
  title={A simple, similarity-based model for selectional preferences},
  author={Erk, Katrin},
  booktitle={ACL'07},
  pages={216--223},
  year={2007}
}

@inproceedings{meyer2012exhibit,
  title={To Exhibit is not to Loiter: A Multilingual, Sense-Disambiguated Wiktionary for Measuring Verb Similarity.},
  author={Meyer, Christian M and Gurevych, Iryna},
  booktitle={COLING},
  pages={1763--1780},
  year={2012}
}

@book{yang2006verb,
  title={Verb similarity on the taxonomy of WordNet},
  author={Yang, Dongqiang and Powers, David MW},
  publisher={Citeseer}
}

@article{deerwester1990indexing,
  title={Indexing by latent semantic analysis},
  author={Deerwester, Scott C. and Dumais, Susan T and Landauer, Thomas K. and Furnas, George W. and Harshman, Richard A.},
  journal={JAsIs},
  volume={41},
  number={6},
  pages={391--407},
  year={1990}
}

@inproceedings{gabrilovich2007computing,
  title={Computing Semantic Relatedness Using Wikipedia-based Explicit Semantic Analysis.},
  author={Gabrilovich, Evgeniy and Markovitch, Shaul},
  booktitle={IJCAI},
  volume={7},
  pages={1606--1611},
  year={2007}
}

@article{harris1954distributional,
  title={Distributional structure.},
  author={Harris, Zellig S},
  journal={Word},
  year={1954}
}

@article{miller1991contextual,
  title={Contextual correlates of semantic similarity},
  author={Miller, George A and Charles, Walter G},
  journal={Language and cognitive processes},
  volume={6},
  number={1},
  pages={1--28},
  year={1991},
  publisher={Taylor \& Francis}
}

@article{fei2015illinois,
  title={ILLINOIS-PROFILER: Knowledge Schemas at Scale},
  author={Fei, Zhiye and Khashabi, Daniel and Peng, Haoruo and Wu, Hao and Roth, Dan},
  year={2015}
}
