@inproceedings{maosong_chinese_1998,
	title = {Chinese {Word} {Segmentation} without {Using} {Lexicon} and {Hand}-crafted {Training} {Data}},
	booktitle = {ACL},
	author = {Maosong, Sun and Dayang, Shen and Tsou, Benjamin K.}
}

@book{wickham_split-apply-combine_2009,
	title = {The split-apply-combine strategy for data analysis},
	author = {Wickham, Hadley},
	year = {2009}
}

@book{wickham_tidy_nodate,
	title = {Tidy {Data}},
	author = {Wickham, Hadley}
}

@inproceedings{ling_fine-grained_2012,
	title = {Fine-grained entity recognition},
	publisher = {AAAI},
	author = {Ling, Xiao and Weld, Daniel S.},
	year = {2012}
}

@inproceedings{angeli_combining_2014,
	title = {Combining {Distant} and {Partial} {Supervision} for {Relation} {Extraction}},
	publisher = {EMNLP},
	author = {Angeli, Gabor and Tibshirani, Julie and Wu, Jean Y. and Manning, Christopher D.},
	year = {2014}
}

@inproceedings{zeng_distant_2015,
	title = {Distant {Supervision} for {Relation} {Extraction} via {Piecewise} {Convolutional} {Neural} {Networks}},
	publisher = {EMNLP},
	author = {Zeng, Daojian and Liu, Kang and Chen, Yubo and Zhao, Jun},
	year = {2015}
}

@inproceedings{mintz_distant_2009,
	title = {Distant supervision for relation extraction without labeled data},
	publisher = {ACL},
	author = {Mintz, Mike and Bills, Steven and Snow, Rion and Jurafsky, Dan},
	year = {2009}
}

@inproceedings{xu_filling_2013,
	title = {Filling {Knowledge} {Base} {Gaps} for {Distant} {Supervision} of {Relation} {Extraction}},
	publisher = {ACL},
	author = {Xu, Wei and Hoffmann, Raphael and Zhao, Le and Grishman, Ralph},
	year = {2013}
}

@inproceedings{lin_neural_2016,
	title = {Neural relation extraction with selective attention over instances},
	publisher = {ACL},
	author = {Lin, Yankai and Shen, Shiqi and Liu, Zhiyuan and Luan, Huanbo and Sun, Maosong},
	year = {2016},
}

@inproceedings{ji_distant_2017,
	title = {Distant {Supervision} for {Relation} {Extraction} with {Sentence}-{Level} {Attention} and {Entity} {Descriptions}},
	publisher = {AAAI},
	author = {Ji, Guoliang and Liu, Kang and He, Shizhu and Zhao, Jun},
	year = {2017},
}

@inproceedings{suttles_distant_2013,
	title = {Distant {Supervision} for {Emotion} {Classification} with {Discrete} {Binary} {Values}},
	author = {Suttles, Jared and Ide, Nancy},
	year = {2013},
}

@inproceedings{purver_experimenting_2012,
	title = {Experimenting with {Distant} {Supervision} for {Emotion} {Classification}},
	publisher = {EACL},
	author = {Purver, Matthew and Battersby, Stuart and Analytics, Chatterbox},
	year = {2012},
}

@inproceedings{deriu_swisscheese_2016,
	title = {Swisscheese at semeval-2016 task 4: {Sentiment} classification using an ensemble of convolutional neural networks with distant supervision},
	author = {Deriu, Jan and Gonzenbach, Maurice and Uzdilli, Fatih and Lucchi, Aurelien and Luca, Valeria De and Jaggi, Martin},
	year = {2016},
}

@inproceedings{husby_topic_2012,
	title = {Topic {Classification} of {Blog} {Posts} {Using} {Distant} {Supervision}},
	publisher = {EACL},
	author = {Husby, Stephanie D. and Barbosa, Denilson},
	year = {2012},
}

@article{go_twitter_2009,
	title = {Twitter sentiment classification using distant supervision},
	volume = {1},
	number = {12},
	journal = {CS224N Project Report, Stanford},
	author = {Go, Alec and Bhayani, Richa and Huang, Lei},
}

@inproceedings{surdeanu_simple_2010,
	title = {A {Simple} {Distant} {Supervision} {Approach} for the {TAC}-{KBP} {Slot} {Filling} {Task}},
	booktitle = {Proc. {TAC} 2010 {Workshop}},
	author = {Surdeanu, Mihai and Mcclosky, David and Tibshirani, Julie and Bauer, John and Chang, Angel X. and Spitkovsky, Valentin I. and Manning, Christopher D.},
	year = {2010}
}

@inproceedings{wiegand_effective_2013,
	title = {Effective slot filling based on shallow distant supervision methods},
	booktitle = {Proceedings of {NIST} {KBP} workshop},
	author = {Wiegand, Benjamin Roth Tassilo Barth Michael and Klakow, Mittul Singh Dietrich},
	year = {2013}
}

@inproceedings{reschke_event_2014,
	title = {Event {Extraction} {Using} {Distant} {Supervision}},
	publisher = {LREC},
	author = {Reschke, Kevin and Jankowiak, Martin and Surdeanu, Mihai and Manning, Christopher D. and Jurafsky, Daniel},
	year = {2014}
}

@article{roth_generalizing_2012,
	title = {Generalizing from {Freebase} and {Patterns} using {Cluster}-{Based} {Distant} {Supervision} for {KBP} {Slot}-{Filling}},
	author = {Roth, Benjamin and Chrupała, Grzegorz and Wiegand, Michael and Singh, Mittul and Klakow, Dietrich},
	year = {2012}
}

@inproceedings{noauthor_new_2011,
	title = {New {York} {University} 2011 {System} for {KBP} {Slot} {Filling}},
	publisher = {TAC},
	year = {2011}
}

@inproceedings{min_new_2012,
	title = {New {York} {University} 2012 {System} for {KBP} {Slot} {Filling}},
	publisher = {TAC-KBP},
	author = {Min, Bonan and Li, Xiang and Grishman, Ralph and Sun, Ang},
	year = {2012}
}

@inproceedings{grishman_new_2010,
	title = {New {York} {University} {KBP} 2010 {Slot}‐{Filling} {System}},
	publisher = {TAC},
	author = {Grishman, Ralph and Min, Bonan},
	year = {2010}
}

@inproceedings{noauthor_stanfords_2014,
	title = {Stanford’s {Distantly} {Supervised} {Slot} {Filling} {Systems} for {KBP} 2014},
	publisher = {TAC},
	year = {2014}
}

@inproceedings{shen_baseline_2018,
	title = {Baseline {Needs} {More} {Love}: {On} {Simple} {Word}-{Embedding}-{Based} {Models} and {Associated} {Pooling} {Mechanisms}},
	publisher = {arXiv},
	author = {Shen, Dinghan and Wang, Guoyin and Wang, Wenlin and Min, Martin Renqiang and Su, Qinliang and Zhang, Yizhe and Li, Chunyuan and Henao, Ricardo and Carin, Lawrence},
	year = {2018}
}

@inproceedings{lin_query_2017,
	title = {Query {Segmentation} via {RNNs} {Encoder}-{Decoder} {Framework}},
	author = {Lin, Yiu-Chang and Di Fabbrizio, Giuseppe and Datta, Ankur},
	year = {2017}
}

@inproceedings{bergsma_learning_2007,
	title={Learning Noun Phrase Query Segmentation},
	author={Bergsma, Shane and Wang, Qin Iris},
	booktitle={EMNLP-CoNLL},
	year={2007},
}

@inproceedings{risvik_query_2003,
  author    = {Knut Magne Risvik and
               Tomasz Mikolajewski and
               Peter Boros},
  title     = {Query Segmentation for Web Search},
  booktitle = {WWW},
  year      = {2003}
}

@inproceedings{hagen_query_2011,
  author    = {Matthias Hagen and
               Martin Potthast and
               Benno Stein and
               Christof Br{\"{a}}utigam},
  title     = {Query segmentation revisited},
  booktitle = {WWW},
  year      = {2011}
}

@inproceedings{yu_query_2009,
  author    = {Xiaohui Yu and
               Huxia Shi},
  title     = {Query segmentation using conditional random fields},
  booktitle = {KEYS},
  year      = {2009}
}

@inproceedings{hagen_power_2010,
  author    = {Matthias Hagen and
               Martin Potthast and
               Benno Stein and
               Christof Br{\"{a}}utigam},
  title     = {The power of naive query segmentation},
  booktitle = {SIGIR},
  year      = {2010}
}

@article{kale_towards_2017,
  author    = {Ajinkya Kale and
               Thrivikrama Taula and
               Sanjika Hewavitharana and
               Amit Srivastava},
  title     = {Towards Semantic Query Segmentation},
  journal   = {CoRR},
  year      = {2017}
}

@inproceedings{bendersky_two-stage_2009,
	title = {Two-stage query segmentation for information retrieval},
	publisher = {SIGIR},
	author = {Bendersky, Michael and Croft, W. Bruce and Smith, David},
	year = {2009}
}

@inproceedings{tan_unsupervised_2008,
  author    = {Bin Tan and
               Fuchun Peng},
  title     = {Unsupervised query segmentation using generative language models and
               wikipedia},
  booktitle = {WWW},
  publisher = {{ACM}},
  year      = {2008}
}

@inproceedings{mishra_unsupervised_2011,
  author    = {Nikita Mishra and
               Rishiraj Saha Roy and
               Niloy Ganguly and
               Srivatsan Laxman and
               Monojit Choudhury},
  title     = {Unsupervised query segmentation using only query logs},
  booktitle = {WWW},
  year      = {2011}
}

@inproceedings{he_see:_2018,
	title = {{SEE}: {Syntax}-{Aware} {Entity} {Embedding} for {Neural} {Relation} {Extraction}},
	publisher = {AAAI},
	author = {He, Zhengqiu and Chen, Wenliang and Li, Zhenghua and Zhang, Meishan and Zhang, Wei and Zhang, Min},
	year = {2018}
}

@inproceedings{chen_semantic_2018,
	title = {A {Semantic} {QA}-{Based} {Approach} for {Text} {Summarization} {Evaluation}},
	publisher = {AAAI},
	author = {Chen, Ping and Wu, Fei and Wang, Tong},
	year = {2018}
}

@inproceedings{xiong_multi-channel_2018,
	title = {Multi-{Channel} {Encoder} for {Neural} {Machine} {Translation}},
	publisher = {AAAI},
	author = {Xiong, Hao and He, Zhongjun and Hu, Xiaoguang and Wu, Hua},
	year = {2018}
}

@article{xu_chinese_2003,
	title = {Chinese {Word} {Segmentation} as {Character} {Tagging}},
	journal = {IJCLCLP},
	author = {Xu, Nianwen},
	year = {2003}
}

@inproceedings{peng_chinese_2004,
	title = {Chinese {Segmentation} and {New} {Word} {Detection} using {Conditional} {Random} {Fields}},
	publisher = {COLING},
	author = {Peng, Fuchun and Feng, Fangfang and McCallum, Andrew},
	year = {2004}
}

@inproceedings{zheng_deep_2013,
	title = {Deep {Learning} for {Chinese} {Word} {Segmentation} and {POS} {Tagging}},
	publisher = {ACL},
	author = {Zheng, Xiaoqing and Chen, Hanyang and Xu, Tianyu},
	year = {2013}
}

@inproceedings{sun_enhancing_2011,
	title = {Enhancing {Chinese} {Word} {Segmentation} {Using} {Unlabeled} {Data}},
	publisher = {ACL},
	author = {Sun, Weiwei and Xu, Jia},
	year = {2011}
}

@inproceedings{chen_long_2015,
	title = {Long {Short}-{Term} {Memory} {Neural} {Networks} for {Chinese} {Word} {Segmentation}},
	publisher = {ACL},
	author = {Chen, Xinchi and Qiu, Xipeng and Zhu, Chenxi and Liu, Pengfei and Huang, Xuanjing},
	year = {2015}
}

@inproceedings{zhou_word-context_2017,
	title = {Word-{Context} {Character} {Embeddings} for {Chinese} {Word} {Segmentation}},
	publisher = {ACL},
	author = {Zhou, Hao and Yu, Zhenting and Zhang, Yue and Huang, Shujian and Dai, Xin-Yu and Chen, Jiajun},
	year = {2017}
}

@inproceedings{du_perceptron-based_2014,
  author    = {Jingfei Du and
               Yan Song and
               Chi{-}Ho Li},
  title     = {Perceptron-based tagging of query boundaries for Chinese query segmentation},
  booktitle = {WWW},
  year      = {2014}
}

@inproceedings{min_distant_2013,
	title = {Distant {Supervision} for {Relation} {Extraction} with an {Incomplete} {Knowledge} {Base}},
	publisher = {ACL},
	author = {Min, Bonan and Grishman, Ralph and Wan, Li and Wang, Chang and Gondek, David},
	year = {2013}
}

@inproceedings{takamatsu_reducing_2012,
	title = {Reducing {Wrong} {Labels} in {Distant} {Supervision} for {Relation} {Extraction}},
	publisher = {ACL},
	author = {Takamatsu, Shingo and Sato, Issei and Nakagawa, Hiroshi},
	year = {2012}
}

@inproceedings{surdeanu_multi-instance_2012,
	title = {Multi-instance {Multi}-label {Learning} for {Relation} {Extraction}},
	publisher = {ACL},
	author = {Surdeanu, Mihai and Tibshirani, Julie and Nallapati, Ramesh and Manning, Christopher D.},
	year = {2012}
}

@inproceedings{riedel_modeling_2010,
	title = {Modeling {Relations} and {Their} {Mentions} without {Labeled} {Text}},
	publisher = {Springer},
	author = {Riedel, Sebastian and Yao, Limin and McCallum, Andrew},
	year = {2010}
}

@inproceedings{bunescu_learning_2007,
	title = {Learning to {Extract} {Relations} from the {Web} using {Minimal} {Supervision}},
	publisher = {ACL},
	author = {Bunescu, Razvan C. and Mooney, Raymond J.},
	year = {2007}
}

@inproceedings{craven_constructing_1999,
	title = {Constructing {Biological} {Knowledge} {Bases} by {Extracting} {Information} from {Text} {Sources}},
	publisher = {AAAI},
	author = {Craven, Mark and Kumlien, Johan},
	year = {1999}
}

@inproceedings{wu_autonomously_2007,
	title = {Autonomously semantifying wikipedia},
	publisher = {CIKM},
	author = {Wu, Fei and Weld, Daniel S.},
	year = {2007}
}

@inproceedings{nguyen_end--end_2011,
	title = {End-to-{End} {Relation} {Extraction} {Using} {Distant} {Supervision} from {External} {Semantic} {Repositories}},
	publisher = {ACL},
	author = {Nguyen, Truc-Vien T. and Moschitti, Alessandro},
	year = {2011}
}

@inproceedings{hoffmann_knowledge-based_2011,
	title = {Knowledge-{Based} {Weak} {Supervision} for {Information} {Extraction} of {Overlapping} {Relations}},
	publisher = {ACL},
	author = {Hoffmann, Raphael and Zhang, Congle and Ling, Xiao and Zettlemoyer, Luke S. and Weld, Daniel S.},
	year = {2011}
}

@inproceedings{jones_generating_2006,
	title = {Generating query substitutions},
	publisher = {WWW},
	author = {Jones, Rosie and Rey, Benjamin and Madani, Omid and Greiner, Wiley},
	year = {2006},
	pages = {387--396}
}

@inproceedings{huang_exploring_2010,
  author    = {Jian Huang and
               Jianfeng Gao and
               Jiangbo Miao and
               Xiaolong Li and
               Kuansan Wang and
               Fritz Behr and
               C. Lee Giles},
  title     = {Exploring web scale language models for search query processing},
  booktitle = {WWW},
  year      = {2010}
}

@inproceedings{kiseleva_unsupervised_2010,
 author    = {Julia Kiseleva and
               Qi Guo and
               Eugene Agichtein and
               Daniel Billsus and
               Wei Chai},
  title     = {Unsupervised query segmentation using click data: preliminary results},
  booktitle = {WWW},
  year      = {2010}
}

@inproceedings{zhang_query_2009,
 author    = {Chao Zhang and
               Nan Sun and
               Xia Hu and
               Tingzhu Huang and
               Tat{-}Seng Chua},
  title     = {Query Segmentation Based on Eigenspace Similarity},
  booktitle = {ACL},
  year      = {2009}
}

@inproceedings{parikh_segmentation_2013,
  author    = {Nish Parikh and
               Prasad Sriram and
               Mohammad Al Hasan},
  title     = {On segmentation of eCommerce queries},
  booktitle = {CIKM},
  year      = {2013}
}

@article{huang2007chinese,
  title={Chinese word segmentation: A decade review},
  author={Huang, Changning and Zhao, Hai},
  journal={Journal of Chinese Information Processing},
  year={2007}
}

@article{sun2016thulac,
  title={Thulac: An efficient lexical analyzer for chinese},
  author={Sun, Maosong and Chen, Xinxiong and Zhang, Kaixu and Guo, Zhipeng and Liu, Zhiyuan},
  year={2016}
}

@inproceedings{Xue2003Chinese,
  title={Chinese word segmentation as LMR tagging},
  author={Xue, Nianwen and Shen, Libin},
  booktitle={Sighan Workshop on Chinese Language Processing},
  year={2003},
}

@article{Jin2005A,
  title={A maximum entropy approach to Chinese word segmentation},
  author={Jin, Kiat Low and Ng, Hwee Tou and Guo, Wenyuan},
  journal={Proceedings of the Fourth Sighan Workshop on Chinese Language Processing},
  year={2005},
}

@article{Zhao2006An,
  title={An Improved Chinese Word Segmentation System with Conditional Random Field},
  author={Zhao, Hai and Huang, Chang Ning and Li, Mu and Kudo, Taku},
  journal={Proceedings of the Fifth Sighan Workshop on Chinese Language Processing},
  year={2006},
}



@inproceedings{Zheng2013Deep,
  title={Deep learning for Chinese word segmentation and POS tagging},
  author={Zheng, Xiaoqing and Chen, Hanyang and Xu, Tianyu},
  booktitle={EMNLP},
  year={2013},
}

@article{Huang2015Bidirectional,
  title={Bidirectional LSTM-CRF Models for Sequence Tagging},
  author={Huang, Zhiheng and Xu, Wei and Yu, Kai},
  journal={Computer Science},
  year={2015},
}

@article{Ma2016End,
  title={End-to-end Sequence Labeling via Bi-directional LSTM-CNNs-CRF},
  author={Ma, Xuezhe and Hovy, Eduard},
  year={2016},
}

@inproceedings{mintz2009distant,
	title={Distant supervision for relation extraction without labeled data},
	author={Mintz, Mike and Bills, Steven and Snow, Rion and Jurafsky, Dan},
	booktitle={Proceedings of the Joint Conference of the 47th Annual Meeting of the ACL and the 4th International Joint Conference on Natural Language Processing of the AFNLP: Volume 2-Volume 2},
	pages={1003--1011},
	year={2009},
	organization={ACL}
}

@article{bahdanau2014neural,
	title={Neural machine translation by jointly learning to align and translate},
	author={Bahdanau, Dzmitry and Cho, Kyunghyun and Bengio, Yoshua},
	journal={arXiv preprint arXiv:1409.0473},
	year={2014}
}