% bmc_article.bib
%
%  An example of bibtex entries.
%  Entries taken from BMC instructions for authors page.


@INPROCEEDINGS{CasualExplorer,
  author = {Constantin F. Aliferis and Ioannis Tsamardinos and Alexander R. Statnikov
	and Laura E. Brown},
  title = {Causal Explorer: A Causal Probabilistic Network Learning Toolkit
	for Biomedical Discovery},
  booktitle = {METMBS},
  year = {2003},
  pages = {371-376}
}

@INPROCEEDINGS{conf/bird/MeyerKB07,
  author = {Meyer, Patrick Emmanuel and Kontos, Kevin and Bontempi, Gianluca},
  title = {Biological Network Inference Using Redundancy Analysis.},
  booktitle = {BIRD},
  year = {2007},
  editor = {Hochreiter, Sepp and Wagner, Roland},
  volume = {4414},
  series = {Lecture Notes in Computer Science},
  pages = {16-27},
  publisher = {Springer}
}

@INPROCEEDINGS{DBLP:conf/aaai/StrehlG02,
  author = {Alexander Strehl and Joydeep Ghosh},
  title = {Cluster Ensembles A Knowledge Reuse Framework for Combining Partitionings},
  booktitle = {AAAI/IAAI},
  year = {2002},
  pages = {93-}
}

@ARTICLE{cfinder,
  author = {Bal{\'a}zs Adamcsek and Gergely Palla and Ill{\'e}s J. Farkas and
	Imre Der{\'e}nyi and Tam{\'a}s Vicsek},
  title = {CFinder: locating cliques and overlapping modules in biological networks},
  journal = {Bioinformatics},
  year = {2006},
  volume = {22},
  pages = {1021-1023},
  number = {8}
}

@ARTICLE{YY_LC_nature2010,
  author = {Y.-Y. Ahn and J. P. Bagrow and S. Lehmann},
  title = {Link communities reveal multiscale complexity in networks},
  journal = {Nature},
  year = {2010},
  volume = {466},
  pages = {761--764}
}

@INPROCEEDINGS{Baumes04discoveringhidden,
  author = {J. Baumes and M. Goldberg and M. Magdon-Ismail and A. Wallace},
  title = {Discovering Hidden Groups in Communication Networks},
  booktitle = {IN PROCEEDINGS OF THE 2ND NSF/NIJ SYMPOSIUM ON INTELLIGENCE AND SECURITY
	INFORMATICS},
  year = {2004}
}

@INPROCEEDINGS{alarm,
  author = {I. A. Beinlich and H. J. Suermondt and R. M. Chavez and G. F. Cooper},
  title = {The ALARM Monitoring System: A Case Study with Two Probabilistic
	Inference Techniques for Belief Networks},
  booktitle = {Proceedings of the 2nd European Conference on Artificial Intelligence
	in Medicine},
  year = {1989},
  pages = {247--256},
  publisher = {Springer-Verlag}
}

@ARTICLE{insurance,
  author = {J. Binder and D. Koller and S. Russell and K. Kanazawa},
  title = {Adaptive Probabilistic Networks with Hidden Variables},
  journal = {Machine Learning},
  year = {1997},
  volume = {29},
  pages = {213--244},
  number = {2--3}
}

@INPROCEEDINGS{Brown05acomparison,
  author = {Laura E. Brown and Ioannis Tsamardinos and Constantin F. Aliferis},
  title = {A comparison of novel and state-of-the-art polynomial bayesian network learning algorithms},
  booktitle = {In Proceedings of the Twentieth National Conference on Artificial
	Intelligence (AAAI)},
  year = {2005},
  pages = {739--745},
  publisher = {AAAI Press}
}

@INPROCEEDINGS{Buntine91theoryrefinement,
  author = {Wray Buntine},
  title = {Theory Refinement on Bayesian Networks},
  year = {1991},
  pages = {52--60},
  publisher = {Morgan Kaufmann}
}

@ARTICLE{relnet,
  author = {Atul J. Butte and Isaac S. Kohane and I. S. Kohane},
  title = {Mutual Information Relevance Networks: Functional Genomic Clustering
	Using Pairwise Entropy Measurements},
  journal = {Pacific Symposium on Biocomputing},
  year = {2000},
  volume = {5},
  pages = {415--426}
}

@ARTICLE{DBLP:journals/ml/CooperH92,
  author = {Gregory F. Cooper and Edward Herskovits},
  title = {A Bayesian Method for the Induction of Probabilistic Networks from
	Data},
  journal = {Machine Learning},
  year = {1992},
  volume = {9},
  pages = {309-347}
}

@ARTICLE{danon2005ccs,
  author = {Danon, L. and Diaz-Guilera, A. and Duch, J. and Arenas, A.},
  title = {Comparing community structure identification},
  journal = {Journal of Statistical Mechanics: Theory and Experiment},
  year = {2005},
  volume = {9},
  pages = {P09008}
}

@ARTICLE{DBLP:journals/jmlr/DashC04,
  author = {Denver Dash and Gregory F. Cooper},
  title = {Model Averaging for Prediction with Discrete Bayesian Networks},
  journal = {Journal of Machine Learning Research},
  year = {2004},
  volume = {5},
  pages = {1177-1203}
}

@INPROCEEDINGS{Eaton07_uai,
  author = {D. Eaton and K. Murphy},
  title = {Bayesian structure learning using dynamic programming and MCMC},
  booktitle = {UAI},
  year = {2007},
}

@ARTICLE{Friedman03,
  author = {N. Friedman and D. Koller},
  title = {Being Bayesian about Network Structure: A Bayesian Approach to Structure
	Discovery in Bayesian Networks},
  journal = {Machine Learning},
  year = {2003},
  volume = {50},
  pages = {95-126}
}

@INPROCEEDINGS{Friedman99learningbayesian,
  author = {Nir Friedman and Iftach Nachman and Dana Pe¨¦r},
  title = {Learning Bayesian Network Structure from Massive Datasets: The "Sparse
	Candidate" Algorithm},
  year = {1999},
  pages = {206--215}
}

@ARTICLE{newman-girvan02,
  author = {Girvan, Michelle and Newman, M. E. J.},
  title = {Community structure in social and biological networks},
  journal = {PROC.NATL.ACAD.SCI.USA},
  year = {2002},
  volume = {99},
  pages = {7821}
}

@ARTICLE{peacock,
  author = {Steve Gregory},
  title = {Finding overlapping communities in networks by label propagation},
  journal = {New Journal of Physics},
  year = {2010},
  volume = {12},
  number = {10},
  month = {October}
}

@ARTICLE{geneRegulatoryNetReview,
  author = {Michael Hecker and Sandro Lambeck and Susanne T{\"o}pfer and Eugene
	P. van Someren and Reinhard Guthke},
  title = {Gene regulatory network inference: Data integration in dynamic models
	- A review},
  journal = {Biosystems},
  year = {2009},
  volume = {96},
  pages = {86-103},
  number = {1}
}

@ARTICLE{DBLP:journals/ml/HeckermanGC95,
  author = {David Heckerman and Dan Geiger and David Maxwell Chickering},
  title = {Learning Bayesian Networks: The Combination of Knowledge and Statistical
	Data},
  journal = {Machine Learning},
  year = {1995},
  volume = {20},
  pages = {197-243},
  number = {3}
}

@ARTICLE{huf52,
  author = {Huffman, David A.},
  title = {A Method for the Construction of Minimum-Redundancy Codes},
  journal = {Proceedings of the Institute of Radio Engineers},
  year = {1952},
  volume = {40},
  pages = {1098-1101},
  number = {9},
  month = {September}
}

@TECHREPORT{link,
  author = {Claus Skaaning Jensen and Augustine Kong},
  title = {Blocking Gibbs Sampling for Linkage Analysis in Large Pedigrees with
	Many Loops},
  institution = {Department of Computer Science, Aalborg University, Denmark},
  year = {1996},
  type = {Research Report},
  number = {R-96-2048},
  address = {Fredrik Bajers Vej 7, DK-9220 Aalborg~\O}
}

@ARTICLE{clr,
  author = {Jeremiah J. Faith and Boris Hayete and 
	Joshua T. Thaden and Ilaria Mogno and
	Jamey Wierzbowski and Guillaume Cottarel and 
	Simon Kasif and James J. Collins and
	Timothy S. Gardner}, 
  title = {Large-Scale Mapping and Validation of Escherichia coli Transcriptional
	Regulation from a Compendium of Expression Profiles},
  journal = {Public Library of Science Biology},
  year = {2007},
  volume = {5},
  pages = {54--66}
}

@ARTICLE{kahn1962topological,
  author = {Kahn, AB},
  title = {Topological sorting of large networks},
  journal = {Communications of the ACM},
  year = {1962},
  volume = {5},
  pages = {558--562},
  number = {11}
}

@ARTICLE{DBLP:journals/jmlr/KoivistoS04,
  author = {Mikko Koivisto and Kismat Sood},
  title = {Exact Bayesian Structure Discovery in Bayesian Networks},
  journal = {Journal of Machine Learning Research},
  year = {2004},
  volume = {5},
  pages = {549-573}
}

@BOOK{books/daglib/0023091,
  title = {Probabilistic Graphical Models - Principles and Techniques.},
  publisher = {MIT Press},
  year = {2009},
  author = {Koller, Daphne and Friedman, Nir},
  pages = {I-XXXV, 1-1231}
}

@INPROCEEDINGS{leskovec2006sampling,
  author = {Leskovec, J. and Faloutsos, C.},
  title = {Sampling from large graphs},
  booktitle = {Proceedings of the 12th ACM SIGKDD international conference on Knowledge
	discovery and data mining},
  year = {2006},
  pages = {631--636}
}

@ARTICLE{madigan1995,
  author = {Madigan, David and York, Jeremy and Allard, Denis},
  title = {Bayesian Graphical Models for Discrete Data},
  journal = {International Statistical Review / Revue Internationale de Statistique},
  year = {1995},
  volume = {63},
  pages = {215--232},
  number = {2}
}

@ARTICLE{V.K.Mansinghka:2006:8d66d,
  author = {V. K. Mansinghka and C. Kemp and J. B. Tenenbaum and T. L. Griffiths},
  title = {Structured priors for structure learning.},
  journal = {Proceedings of the Twenty-Second Conference on Uncertainty in Artificial
	Intelligence (UAI 2006)},
  year = {2006}
}

@ARTICLE{DBLP:journals/bmcbi/MargolinNBWSFC06,
  author = {Adam A. Margolin and Ilya Nemenman and Katia Basso and Chris Wiggins
	and Gustavo Stolovitzky and Riccardo Dalla Favera and Andrea Califano},
  title = {ARACNE: An Algorithm for the Reconstruction of Gene Regulatory Networks
	in a Mammalian Cellular Context},
  journal = {BMC Bioinformatics},
  year = {2006},
  volume = {7},
  number = {S-1}
}

@ARTICLE{DBLP:journals/sac/MeilaJ06,
  author = {Marina Meila and Tommi Jaakkola},
  title = {Tractable Bayesian learning of tree belief networks},
  journal = {Statistics and Computing},
  year = {2006},
  volume = {16},
  pages = {77-92},
  number = {1}
}

@MISC{nepusz07b,
  author = {Nepusz, Tam¨¢s and Petr¨®czi, Andrea and N¨¦gyessy, L¨¢szl¨® and Bazs¨®,
	F¨¹l?p},
  title = {Fuzzy communities and the concept of bridgeness in complex networks},
  howpublished = {E-print},
  year = {2007}
}

@ARTICLE{PalEtAl05,
  author = {Palla, Gergely and Der¨¦nyi, Imre and Farkas, Ill¨¦s and Vicsek, Tam¨¢s},
  title = {Uncovering the overlapping community structure of complex networks
	in nature and society},
  journal = {Nature},
  year = {2005},
  volume = {435},
  pages = {814--818},
  number = {7043},
  month = {June}
}

@MISC{Rao_usingdirected,
  author = {Arvind Rao and Alfred O. Hero and David J. States and James Douglas
	Engel},
  title = {USING DIRECTED INFORMATION TO BUILD BIOLOGICALLY RELEVANT INFLUENCE
	NETWORKS}
}

@INCOLLECTION{Robinson1973,
  author = {Robinson, R. W.},
  title = {Counting labeled acyclic digraphs},
  booktitle = {New Directions in Graph Theory},
  publisher = {Academic Press},
  year = {1973},
  editor = {Harary, F.}
}

@BOOK{Spirtes2000,
  title = {Causation, Prediction, and Search},
  publisher = {MIT press},
  year = {2000},
  author = {Spirtes, P. and Glymour, C. and Scheines, R.},
  edition = {2nd}
}

@ARTICLE{Stuart+al:Science03,
  author = {J. Stuart and E. Segal and D. Koller and S. Kim},
  title = {A Gene Co-Expression Network for Global Discovery of Conserved Genetic
	Modules},
  journal = {Science},
  year = {2003},
  volume = {302},
  pages = {249--55},
  number = {5643},
  month = {October}
}

@ARTICLE{Thorndike53whobelongs,
  author = {Robert L. Thorndike},
  title = {Who belongs in the family},
  journal = {Psychometrika},
  year = {1953},
  pages = {267--276}
}

@INPROCEEDINGS{iamb,
  author = {I. Tsamardinos and C. F. Aliferis and A. Statnikov},
  title = {Algorithms for Large Scale Markov Blanket Discovery},
  booktitle = {Proceedings of the Sixteenth International Florida Artificial Intelligence
	Research Society Conference},
  year = {2003},
  pages = {376--381},
  publisher = {AAAI Press}
}

@INPROCEEDINGS{Tsamardinos06themax-min,
  author = {Ioannis Tsamardinos and Laura E. Brown and Constantin F. Aliferis},
  title = {The max-min hill-climbing bayesian network structure learning algorithm},
  booktitle = {Machine Learning},
  year = {2006},
  pages = {2006}
}

@BOOK{WittenF05,
  title = {Data Mining: Practical Machine Learning Tools and Techniques},
  publisher = {Morgan Kaufmann},
  year = {2005},
  author = {Witten, Ian H. and Frank, Eibe }
}

@INPROCEEDINGS{rai,
  author = {Yehezkel, Raanan and Lerner, Boaz},
  title = {Bayesian network structure learning by recursive autonomy identification},
  booktitle = {Proceedings of the 2006 joint IAPR international conference on Structural,
	Syntactic, and Statistical Pattern Recognition},
  year = {2006},
  series = {SSPR'06/SPR'06},
  pages = {154--162},
  address = {Berlin, Heidelberg},
  publisher = {Springer-Verlag}
}

@ARTICLE{ZhaWanZha07,
  author = {Zhang, Shihua and Wang, Rui-Sheng and Zhang, Xiang-Sun},
  title = {Identification of Overlapping Community Structure in Complex Networks
	Using Fuzzy c-means Clustering},
  journal = {Physica A: Statistical Mechanics and its Applications},
  year = {2007},
  volume = {374},
  pages = {483-490},
  number = {1}
}

@MISC{jaccard,
  title = {Jaccard's similarity coefficient},
  howpublished = {\url{http://en.wikipedia.org/wiki/Jaccard_similarity_coefficent}},
}

@MISC{pigs,
  title = {Pigs DataSet},
  howpublished = {\url{http://www.cs.huji.ac.il/labs/compbio/Repository/Datasets/pigs/pigs.htm}},
}

@MISC{win95pts,
  title = {Win95pts DataSet},
  howpublished = {\url{http://www.cs.huji.ac.il/labs/compbio/Repository/Datasets/win95pts/win95pts.htm}},
}
