@article{chen2016enhanced,
  title={Enhanced lstm for natural language inference},
  author={Chen, Qian and Zhu, Xiaodan and Ling, Zhenhua and Wei, Si and Jiang, Hui and Inkpen, Diana},
  journal={arXiv preprint arXiv:1609.06038},
  year={2016}
}
@inproceedings{bowman2015large,
  title={A large annotated corpus for learning natural language inference},
  author={Bowman, Samuel and Angeli, Gabor and Potts, Christopher and Manning, Christopher D},
  booktitle={EMNLP},
  pages={632--642},
  year={2015}
}

@article{wang2018glue,
  title={{GLUE}: A Multi-Task Benchmark and Analysis Platform for Natural Language Understanding},
  author={Wang, Alex and Singh, Amanpreet and Michael, Julian and Hill, Felix and Levy, Omer and Bowman, Samuel R},
  journal={EMNLP},
  pages={353},
  year={2018}
}

@inproceedings{niven2019probing,
  title={Probing Neural Network Comprehension of Natural Language Arguments},
  author={Niven, Timothy and Kao, Hung-Yu},
  booktitle={ACL},
  pages={4658--4664},
  year={2019}
}

@inproceedings{mostafazadeh2016corpus,
  title={A Corpus and Cloze Evaluation for Deeper Understanding of Commonsense Stories},
  author={Mostafazadeh, Nasrin and Chambers, Nathanael and He, Xiaodong and Parikh, Devi and Batra, Dhruv and Vanderwende, Lucy and Kohli, Pushmeet and Allen, James},
  booktitle={NAACL-HLT},
  pages={839--849},
  year={2016}
}

@inproceedings{roemmele2011choice,
  title={Choice of plausible alternatives: An evaluation of commonsense causal reasoning},
  author={Roemmele, Melissa and Bejan, Cosmin Adrian and Gordon, Andrew S},
  booktitle={AAAI Spring},
  year={2011}
}

@inproceedings{zellers2018swag,
  title={{SWAG}: A Large-Scale Adversarial Dataset for Grounded Commonsense Inference},
  author={Zellers, Rowan and Bisk, Yonatan and Schwartz, Roy and Choi, Yejin},
  booktitle={EMNLP},
  pages={93--104},
  year={2018}
}

@inproceedings{lai2017race,
  title={{RACE}: Large-scale ReAding Comprehension Dataset From Examinations},
  author={Lai, Guokun and Xie, Qizhe and Liu, Hanxiao and Yang, Yiming and Hovy, Eduard},
  booktitle={EMNLP},
  pages={785--794},
  year={2017}
}

@inproceedings{naik2018stress,
  title={Stress Test Evaluation for Natural Language Inference},
  author={Naik, Aakanksha and Ravichander, Abhilasha and Sadeh, Norman and Rose, Carolyn and Neubig, Graham},
  booktitle={COLING},
  pages={2340--2353},
  year={2018}
}

@inproceedings{mccoy2019right,
  title={Right for the Wrong Reasons: Diagnosing Syntactic Heuristics in Natural Language Inference},
  author={McCoy, Tom and Pavlick, Ellie and Linzen, Tal},
  booktitle={ACL},
  pages={3428--3448},
  year={2019}
}

@inproceedings{sanchez2018behavior,
  title={Behavior analysis of nli models: Uncovering the influence of three factors on robustness},
  author={Sanchez, Ivan and Mitchell, Jeff and Riedel, Sebastian},
  booktitle={NAACL-HLT},
  pages={1975--1985},
  year={2018}
}

@inproceedings{gururangan2018annotation,
  title={Annotation Artifacts in Natural Language Inference Data},
  author={Gururangan, Suchin and Swayamdipta, Swabha and Levy, Omer and Schwartz, Roy and Bowman, Samuel and Smith, Noah A},
  booktitle={NAACL-HLT},
  pages={107--112},
  year={2018}
}

@inproceedings{poliak2018hypothesis,
  title={Hypothesis Only Baselines in Natural Language Inference},
  author={Poliak, Adam and Naradowsky, Jason and Haldar, Aparajita and Rudinger, Rachel and Van Durme, Benjamin},
  booktitle={Joint Conference on Lexical and Computational Semantics},
  pages={180--191},
  year={2018}
}

@article{bras2020adversarial,
  title={Adversarial Filters of Dataset Biases},
  author={Bras, Ronan Le and Swayamdipta, Swabha and Bhagavatula, Chandra and Zellers, Rowan and Peters, Matthew E and Sabharwal, Ashish and Choi, Yejin},
  journal={arXiv preprint arXiv:2002.04108},
  year={2020}
}

@inproceedings{wang2019if,
  title={What if we simply swap the two text fragments? A straightforward yet effective way to test the robustness of methods to confounding signals in nature language inference tasks},
  author={Wang, Haohan and Sun, Da and Xing, Eric P},
  booktitle={AAAI},
  volume={33},
  pages={7136--7143},
  year={2019}
}

@article{kavumbabalanced-copa,
  title={Balanced COPA: Countering Superficial Cues in Causal Reasoning},
  author={Kavumba, Pride and Inoue, Naoya and Heinzerling, Benjamin and Singh, Keshav and Reisert, Paul and Inui, Kentaro}
}

@article{schuster2019towards,
  title={Towards debiasing fact verification models},
  author={Schuster, Tal and Shah, Darsh J and Yeo, Yun Jie Serene and Filizzola, Daniel and Santus, Enrico and Barzilay, Regina},
  journal={arXiv preprint arXiv:1908.05267},
  year={2019}
}

@article{yu2020reclor,
  title={{ReClor}: A Reading Comprehension Dataset Requiring Logical Reasoning},
  author={Yu, Weihao and Jiang, Zihang and Dong, Yanfei and Feng, Jiashi},
  journal={arXiv preprint arXiv:2002.04326},
  year={2020}
}

@inproceedings{lowe2015ubuntu,
  title={The Ubuntu Dialogue Corpus: A Large Dataset for Research in Unstructured Multi-Turn Dialogue Systems},
  author={Lowe, Ryan and Pow, Nissan and Serban, Iulian Vlad and Pineau, Joelle},
  booktitle={SIGDIAL},
  pages={285--294},
  year={2015}
}

@inproceedings{talmor2019commonsenseqa,
  title={{CommonsenseQA}: A Question Answering Challenge Targeting Commonsense Knowledge},
  author={Talmor, Alon and Herzig, Jonathan and Lourie, Nicholas and Berant, Jonathan},
  booktitle={NAACL-HLT},
  pages={4149--4158},
  year={2019}
}

@inproceedings{sharma2018tackling,
  title={Tackling the story ending biases in the story cloze test},
  author={Sharma, Rishi and Allen, James and Bakhshandeh, Omid and Mostafazadeh, Nasrin},
  booktitle={ACL},
  pages={752--757},
  year={2018}
}

@inproceedings{srinivasan2018simple,
  title={A Simple and Effective Approach to the Story Cloze Test},
  author={Srinivasan, Siddarth and Arora, Richa and Riedl, Mark},
  booktitle={NAACL-HLT},
  pages={92--96},
  year={2018}
}

@inproceedings{clark2019don,
  title={Donâ€™t Take the Easy Way Out: Ensemble Based Methods for Avoiding Known Dataset Biases},
  author={Clark, Christopher and Yatskar, Mark and Zettlemoyer, Luke},
  booktitle={EMNLP-IJCNLP},
  pages={4060--4073},
  year={2019}
}

@article{he2019unlearn,
  title={Unlearn Dataset Bias in Natural Language Inference by Fitting the Residual},
  author={He, He and Zha, Sheng and Wang, Haohan},
  journal={EMNLP-IJCNLP},
  pages={132},
  year={2019}
}

@article{yaghoobzadeh2019robust,
  title={Robust Natural Language Inference Models with Example Forgetting},
  author={Yaghoobzadeh, Yadollah and Tachet, Remi and Hazen, TJ and Sordoni, Alessandro},
  journal={arXiv preprint arXiv:1911.03861},
  year={2019}
}

@inproceedings{joulin2017bag,
  title={Bag of Tricks for Efficient Text Classification},
  author={Joulin, Armand and Grave, {\'E}douard and Bojanowski, Piotr and Mikolov, Tom{\'a}{\v{s}}},
  booktitle={ECAL},
  pages={427--431},
  year={2017}
}

@article{devlin2018bert,
  title={Bert: Pre-training of deep bidirectional transformers for language understanding},
  author={Devlin, Jacob and Chang, Ming-Wei and Lee, Kenton and Toutanova, Kristina},
  journal={arXiv preprint arXiv:1810.04805},
  year={2018}
}

@inproceedings{zhu2015aligning,
  title={Aligning books and movies: Towards story-like visual explanations by watching movies and reading books},
  author={Zhu, Yukun and Kiros, Ryan and Zemel, Rich and Salakhutdinov, Ruslan and Urtasun, Raquel and Torralba, Antonio and Fidler, Sanja},
  booktitle={Proceedings of the IEEE international conference on computer vision},
  pages={19--27},
  year={2015}
}

@inproceedings{vaswani2017attention,
  title={Attention is all you need},
  author={Vaswani, Ashish and Shazeer, Noam and Parmar, Niki and Uszkoreit, Jakob and Jones, Llion and Gomez, Aidan N and Kaiser, {\L}ukasz and Polosukhin, Illia},
  booktitle={Advances in neural information processing systems},
  pages={5998--6008},
  year={2017}
}

@inproceedings{peters2018deep,
  title={Deep Contextualized Word Representations},
  author={Peters, Matthew and Neumann, Mark and Iyyer, Mohit and Gardner, Matt and Clark, Christopher and Lee, Kenton and Zettlemoyer, Luke},
  booktitle={Proceedings of the 2018 Conference of the North American Chapter of the Association for Computational Linguistics: Human Language Technologies, Volume 1 (Long Papers)},
  pages={2227--2237},
  year={2018}
}

@inproceedings{Marco2020acl,
  author    = {Marco T{\'{u}}lio Ribeiro and
               Tongshuang Wu and
               Carlos Guestrin and
               Sameer Singh},
  title     = {Beyond Accuracy: Behavioral Testing of {NLP} Models with CheckList},
  booktitle = {Proceedings of the 58th Annual Meeting of the Association for Computational
               Linguistics, {ACL} 2020, Online, July 5-10, 2020},
  pages     = {4902--4912},
  year      = {2020}
}

@proceedings{checklist2020acl,
  editor    = {Dan Jurafsky and
               Joyce Chai and
               Natalie Schluter and
               Joel R. Tetreault},
  title     = { {ACL} 2020},
  year      = {2020},
}

@article{lin1991divergence,
	title="Divergence measures based on the Shannon entropy",
	author="J. {Lin}",
	journal="IEEE Transactions on Information Theory",
	volume="37",
	number="1",
	pages="145--151",
	year="1991"
}
