@inproceedings{luo2015joint,
  title={Joint entity recognition and disambiguation},
  author={Luo, Gang and Huang, Xiaojiang and Lin, Chin-Yew and Nie, Zaiqing},
  booktitle={Proceedings of the 2015 Conference on Empirical Methods in Natural Language Processing},
  pages={879--888},
  year={2015}
}