%
% tutorial: http://www.iam.ubc.ca/~newbury/tex/bibtex.html
%

% LONG VERSION
@Comment

@string{vldb = "Proc. of Very Large Database (VLDB)"}
@Comment
@string{icde = "Int. Conf. Data Engineering (ICDE)"}
@Comment
@string{kdd = "Int'l Conf. on Knowledge Discovery and Data Mining (SIGKDD)"}
@Comment
@string{sigmod = "Int'l Conf. Management of Data (SIGMOD)"}
@Comment
@string{icdm = "Int'l Conf. Data Mining (ICDM)"}
@Comment
@string{edbt = "Int'l Conf. on Extending Database Technology (EDBT)"}
@Comment
@string{icml = "Int'l Conf. on Machine Learning (ICML)"}
@Comment
@string{pods = "ACM Symposium on Principles of Database Systems (PODS)"}
@Comment
@string{icdt = "International Conference on Database Theory (ICDT)"}
@Comment
@string{focs = "IEEE Symposium on Foundations of Computer Science (FOCS)"}
@Comment
@string{sdm = "SIAM Int'l Conf. on Data Mining (SDM)"}
@Comment
@string{ijcai = "Int'l Joint Conf. on Artificial Intelligence (IJCAI)"}
@Comment
@string{www = "Int'l World Wide Web Conference (WWW)"}
@Comment
@string{acl = "Association of Computational
Linguistics Conference (ACL)"}

% SHORT VERSION
@string{vldb = "VLDB"}
@string{icde = "ICDE"}
@string{kdd = "SIGKDD"}
@string{sigmod = "SIGMOD"}
@string{icdm = "ICDM"}
@string{edbt = "EDBT"}
@string{icml = "ICML"}
@string{pods = "PODS"}
@string{icdt = "ICDT"}
@string{focs = "FOCS"}
@string{sdm = "SIAM Data Mining"}
@string{ijcai = "IJCAI"}
@string{www = "WWW"}
@string{webdb = "WebDB"}
@string{nips = "NIPS"}
@string{iccl = "ICCL"}
@string{icdl = "ICDL"}
@string{sigir = "SIGIR"}
@string{acl = "ACL"}

@inproceedings{yemao,
  title={On the semantic annotation of places in location-based social networks},
  author={Ye, Mao and Shou, Dong and Lee, Wang-Chien and Yin, Peifeng and Janowicz, Krzysztof},
  booktitle={Proceedings of the 17th ACM SIGKDD international conference on Knowledge discovery and data mining},
  pages={520--528},
  year={2011},
  address={},
  organization={ACM}
}
@incollection{interestprofile,
  title={Semantic tagging of places based on user interest profiles from online social networks},
  author={Hegde, Vinod and Parreira, Josiane Xavier and Hauswirth, Manfred},
  booktitle={Advances in Information Retrieval},
  pages={218--229},
  year={2013},
  publisher={Springer}
}


%smart phone
@inproceedings{phoneImageAudio,
  title={Automatically characterizing places with opportunistic crowdsensing using smartphones},
  author={Chon, Yohan and Lane, Nicholas D and Li, Fan and Cha, Hojung and Zhao, Feng},
  booktitle={Proceedings of the 2012 ACM Conference on Ubiquitous Computing},
  pages={481--490},
  address={Pittsburgh, PA, USA},
  year={2012},
  organization={ACM}
}

@article{MDCconditional,
  title={Feature engineering for semantic place prediction},
  author={Zhu, Yin and Zhong, Erheng and Lu, Zhongqi and Yang, Qiang},
  journal={Pervasive and Mobile Computing},
  volume={9},
  number={6},
  pages={772--783},
  year={2013},
  publisher={Elsevier}
}

@article{topicmodelMDC1,
  title={Topic modeling-based semantic annotation of place using personal behavior and environmental features},
  author={Chon, Yohan and Kim, Yungeun and Shin, Hyojeong and Cha, Hojung},
  journal={Transportation},
  volume={23},
  pages={110},
  year={2009}
}

@inproceedings{MDCdescriptive,
  title={Semantic place prediction by combining smart binary classifiers},
  author={Montoliu, Raul and Mart{\'\i}nez-Uso, Adolfo and Mart{\'\i}nez-Sotoca, Jose and McInerney, J},
  booktitle={Nokia Mobile Data Challenge 2012 Workshop. p. Dedicated task},
  volume={1},
  number={1},
  address={Newcastle, UK},
  year={2012}
}
%Call detail records
@incollection{isaacman2011identifying,
  title={Identifying important places in people¡¯s lives from cellular network data},
  author={Isaacman, Sibren and Becker, Richard and C{\'a}ceres, Ram{\'o}n and Kobourov, Stephen and Martonosi, Margaret and Rowland, James and Varshavsky, Alexander},
  booktitle={Pervasive Computing},
  pages={133--151},
  year={2011},
  publisher={Springer}
}


%Location Feature
@inproceedings{LocationZheng,
  title={Collaborative location and activity recommendations with gps history data},
  author={Zheng, Vincent W and Zheng, Yu and Xie, Xing and Yang, Qiang},
  booktitle={Proceedings of the 19th international conference on World wide web},
  pages={1029--1038},
  address={},
  year={2010},
  organization={ACM}
}

@inproceedings{LocationPlacer,
  title={Placer: semantic place labels from diary data},
  author={Krumm, John and Rouhana, Dany},
  booktitle={Proceedings of the 2013 ACM international joint conference on Pervasive and ubiquitous computing},
  pages={163--172},
  year={2013},
  address={Zurich, Switzerland},
  organization={ACM}
}

%User behavior
@inproceedings{UserRoutine,
  title={Discovering and predicting user routines by differential analysis of social network traces},
  author={Pianese, Fabio and An, Xueli and Kawsar, Fahim and Ishizuka, Hiroki},
  booktitle={World of Wireless, Mobile and Multimedia Networks (WoWMoM), 2013 IEEE 14th International Symposium and Workshops on a},
  pages={1--9},
  year={2013},
  address={Boston, USA},
  organization={IEEE}
}

@inproceedings{userbehavior,
  title={Mining user behaviours: a study of check-in patterns in location based social networks},
  author={Preo{\c{t}}iuc-Pietro, Daniel and Cohn, Trevor},
  booktitle={Proceedings of the 5th Annual ACM Web Science Conference},
  pages={306--315},
  year={2013},
  organization={ACM}
}

@article{yournextmove,
  title={What¡¯s Your Next Move: User Activity Prediction in Location-based Social Networks},
  author={Ye, Jihang and Zhu, Zhe and Cheng, Hong},
  journal={SDM¡¯13},
  year={2013},
  publisher={SIAM}
}



%LIBLINEAR
@article{liblinear,
  title={LIBLINEAR: A library for large linear classification},
  author={Fan, Rong-En and Chang, Kai-Wei and Hsieh, Cho-Jui and Wang, Xiang-Rui and Lin, Chih-Jen},
  journal={The Journal of Machine Learning Research},
  volume={9},
  pages={1871--1874},
  year={2008},
  publisher={JMLR. org}
}

%Recommendation
@inproceedings{bao2012location,
  title={Location-based and preference-aware recommendation using sparse geo-social networking data},
  author={Bao, Jie and Zheng, Yu and Mokbel, Mohamed F},
  booktitle={Proceedings of the 20th International Conference on Advances in Geographic Information Systems},
  pages={199--208},
  year={2012},
  organization={ACM}
}

@inproceedings{cheng2012fused,
  title={Fused Matrix Factorization with Geographical and Social Influence in Location-Based Social Networks.},
  author={Cheng, Chen and Yang, Haiqin and King, Irwin and Lyu, Michael R},
  booktitle={AAAI},
  address={Toronto, Ontario, Canada},
  volume={12},
  pages={1},
  year={2012}
}

%MDCno1[4-8]
@inproceedings{Lian:2011:LLN:2093973.2093990,
 author = {Lian, Defu and Xie, Xing},
 title = {Learning Location Naming from User Check-in Histories},
 booktitle = {Proceedings of the 19th ACM SIGSPATIAL International Conference on Advances in Geographic Information Systems},
 series = {GIS '11},
 year = {2011},
 isbn = {978-1-4503-1031-4},
 location = {Chicago, Illinois},
 pages = {112--121},
 numpages = {10},
 url = {http://doi.acm.org/10.1145/2093973.2093990},
 doi = {10.1145/2093973.2093990},
 acmid = {2093990},
 publisher = {ACM},
 address = {New York, NY, USA},
 keywords = {learning-to-rank, location naming, location-based service, location-based social network},
}

@article{DBLP:journals/pvldb/CaoCJ10a,
  author    = {Xin Cao and
               Gao Cong and
               Christian S. Jensen},
  title     = {Mining Significant Semantic Locations From GPS Data},
  journal   = {PVLDB},
  volume    = {3},
  number    = {1},
  year      = {2010},
  pages     = {1009-1020},
  ee        = {http://www.comp.nus.edu.sg/$\sim$vldb2010/proceedings/files/papers/R90.pdf},
  bibsource = {DBLP, http://dblp.uni-trier.de}
}

@inproceedings{DBLP:conf/mdm/LiuWY06,
  author    = {Juhong Liu and
               Ouri Wolfson and
               Huabei Yin},
  title     = {Extracting Semantic Location from Outdoor Positioning Systems},
  booktitle = {MDM},
  address={Nara, Japan},
  year      = {2006},
  pages     = {73},
}

%MDC
@inproceedings{eberle2012mobile,
  title={The Mobile Data Challenge: Big Data for Mobile Computing Research},
  author={Eberle, J and Bornet, Olivier and Aad, Imad and Laurila, JK and Miettinen, M and Do, Trinh-Minh-Tri and Dousse, O and Gatica-Perez, Daniel and others},
  booktitle={Pervasive Computing},
  number={EPFL-CONF-192489},
  address={Newcastle, UK},
  year={2012}
}

%RandomForest
@article{randomforest,
    author = {Sventnik, Vladimir and Liaw, Andy and Tong, Christopher and Culberson, J. Christopher and Sheridan, Robert P. and Feuston, Bradley P.},
    citeulike-article-id = {9641215},
    journal = {Journal of Chemical Information and Computer Science},
    keywords = {cj-bib},
    number = {6},
    pages = {1947--1958},
    posted-at = {2011-08-11 01:40:37},
    priority = {2},
    title = {Random forest: a tool for classification and regression in compound classification and {QSAR} modeling},
    volume = {43},
    year = {2003}
}
%SVM
@article{Cortes:1995:SN:218919.218929,
 author = {Cortes, Corinna and Vapnik, Vladimir},
 title = {Support-Vector Networks},
 journal = {Mach. Learn.},
 issue_date = {Sept. 1995},
 volume = {20},
 number = {3},
 month = sep,
 year = {1995},
 issn = {0885-6125},
 pages = {273--297},
 numpages = {25},
 url = {http://dx.doi.org/10.1023/A:1022627411411},
 doi = {10.1023/A:1022627411411},
 acmid = {218929},
 publisher = {Kluwer Academic Publishers},
 address = {Hingham, MA, USA},
 keywords = {efficient learning algorithms, neural networks, pattern recognition, polynomial classifiers, radial basis function classifiers},
}

%Placer[11]
@INPROCEEDINGS{placer11,
author={Zhenyu Chen and Yiqiang Chen and Shuangquan Wang and Zhongtang Zhao},
booktitle={Computer Science and Automation Engineering (CSAE), 2012 IEEE International Conference on},
title={A supervised learning based semantic location extraction method using mobile phone data},
year={2012},
month={May},
volume={3},
pages={548-551},
keywords={hidden Markov models;learning (artificial intelligence);mobile computing;HLE;HMM;absolute physical coordinate;daily significant semantic locations;hidden Markov model -based location extraction algorithm;location extraction model;location-aware computing;mobile phone data;random sequence;realistic wireless signal data;supervised learning based semantic location extraction method;training vector;Accuracy;Data mining;Hidden Markov models;IEEE 802.11 Standards;Mobile handsets;Semantics;Training;hidden markov model;location extraction;location-aware computing;mobile phone;supervised learning},
address={Zhangjiajie, Hunan, China},
doi={10.1109/CSAE.2012.6273012},}
%Placer[1]
@incollection{placer1,
year={2007},
isbn={978-3-540-75695-8},
booktitle={Smart Sensing and Context},
volume={4793},
series={Lecture Notes in Computer Science},
editor={Kortuem, Gerd and Finney, Joe and Lea, Rodger and Sundramoorthy, Vasughi},
doi={10.1007/978-3-540-75696-5_1},
title={CenceMe ¨C Injecting Sensing Presence into Social Networking Applications},
url={http://dx.doi.org/10.1007/978-3-540-75696-5_1},
publisher={Springer Berlin Heidelberg},
author={Miluzzo, Emiliano and Lane, NicholasD. and Eisenman, ShaneB. and Campbell, AndrewT.},
pages={1-28}
}


%Placer[6]
@inproceedings{Kim:2011:EUF:2030112.2030142,
 author = {Kim, Donnie H. and Han, Kyungsik and Estrin, Deborah},
 title = {Employing User Feedback for Semantic Location Services},
 booktitle = {Proceedings of the 13th International Conference on Ubiquitous Computing},
 series = {UbiComp '11},
 year = {2011},
 isbn = {978-1-4503-0630-0},
 location = {Beijing, China},
 pages = {217--226},
 numpages = {10},
 url = {http://doi.acm.org/10.1145/2030112.2030142},
 doi = {10.1145/2030112.2030142},
 acmid = {2030142},
 publisher = {ACM},
 address = {New York, NY, USA},
 keywords = {semantic location, user feedback},
}
%Placer[7]
@incollection{placer7,
year={2010},
isbn={978-3-642-14714-2},
booktitle={Human Behavior Understanding},
volume={6219},
series={Lecture Notes in Computer Science},
editor={Salah, AlbertAli and Gevers, Theo and Sebe, Nicu and Vinciarelli, Alessandro},
doi={10.1007/978-3-642-14715-9_3},
title={Activity-Aware Map: Identifying Human Daily Activity Pattern Using Mobile Phone Data},
url={http://dx.doi.org/10.1007/978-3-642-14715-9_3},
publisher={Springer Berlin Heidelberg},
author={Phithakkitnukoon, Santi and Horanont, Teerayut and Lorenzo, Giusy and Shibasaki, Ryosuke and Ratti, Carlo},
pages={14-25}
}

%Placer[9]
@incollection{placer9,
year={2012},
isbn={978-3-642-35526-4},
booktitle={Advanced Data Mining and Applications},
volume={7713},
series={Lecture Notes in Computer Science},
editor={Zhou, Shuigeng and Zhang, Songmao and Karypis, George},
doi={10.1007/978-3-642-35527-1_35},
title={Pattern Mining, Semantic Label Identification and Movement Prediction Using Mobile Phone Data},
url={http://dx.doi.org/10.1007/978-3-642-35527-1_35},
publisher={Springer Berlin Heidelberg},
keywords={Mobile phone log data; Mobility pattern; Frequent pattern mining; Semantic labels; Movement prediction},
author={Xie, Rong and Luo, Jun and Yue, Yang and Li, Qingquan and Zou, Xiaoqing},
pages={419-430}
}

%Placer[10]
@article{Liao:2007:EPA:1229555.1229562,
 author = {Liao, Lin and Fox, Dieter and Kautz, Henry},
 title = {Extracting Places and Activities from GPS Traces Using Hierarchical Conditional Random Fields},
 journal = {Int. J. Rob. Res.},
 issue_date = {January   2007},
 volume = {26},
 number = {1},
 month = jan,
 year = {2007},
 issn = {0278-3649},
 pages = {119--134},
 numpages = {16},
 url = {http://dx.doi.org/10.1177/0278364907073775},
 doi = {10.1177/0278364907073775},
 acmid = {1229562},
 publisher = {Sage Publications, Inc.},
 address = {Thousand Oaks, CA, USA},
 keywords = {activity recognition, belief propagation, conditional random fields, maximum pseudo-likelihood},
}
