@book{beck1996beck,
 author = {Beck, Aaron T and Steer, Robert A and Brown, Gregory K},
 publisher = {Pearson},
 title = {Beck depression inventory (BDI-II)},
 year = {1996}
}

@article{blei2003latent,
 author = {Blei, David M and Ng, Andrew Y and Jordan, Michael I},
 journal = {the Journal of machine Learning research},
 title = {Latent dirichlet allocation},
 year = {2003}
}

@article{Dreisbach2019systematic,
title = {A systematic review of natural language processing and text mining of symptoms from electronic patient-authored text data},
journal = {International Journal of Medical Informatics},
volume = {125},
pages = {37-46},
year = {2019},
author = {Caitlin Dreisbach and Theresa A. Koleck and Philip E. Bourne and Suzanne Bakken}
}

@article{bucur2021early,
 author = {Bucur, Ana-Maria and Cosma, Adrian and Dinu, Liviu P},
 journal = {arXiv preprint arXiv:2106.16175},
 title = {Early risk detection of pathological gambling, self-harm and depression using bert},
 year = {2021}
}

@article{devlin2018bert,
 author = {Devlin, Jacob and Chang, Ming-Wei and Lee, Kenton and Toutanova, Kristina},
 journal = {arXiv preprint arXiv:1810.04805},
 title = {Bert: Pre-training of deep bidirectional transformers for language understanding},
 year = {2018}
}

@article{dinkel2019text,
 author = {Dinkel, Heinrich and Wu, Mengyue and Yu, Kai},
 journal = {arXiv preprint arXiv:1904.05154},
 title = {Text-based depression detection on sparse data},
 year = {2019}
}

@book{american2013diagnostic,
  title={Diagnostic and statistical manual of mental disorders: DSM-5},
  author={APA, DS and American Psychiatric Association and others},
  volume={5},
  year={2013},
  publisher={American psychiatric association Washington, DC}
}

@article{eichstaedt2018facebook,
 author = {Eichstaedt, Johannes C and Smith, Robert J and Merchant, Raina M and Ungar, Lyle H and Crutchley, Patrick and Preo{\c{t}}iuc-Pietro, Daniel and Asch, David A and Schwartz, H Andrew},
 journal = {Proceedings of the National Academy of Sciences},
 title = {Facebook language predicts depression in medical records},
 year = {2018}
}

@inproceedings{ernala2019methodological,
 author = {Ernala, Sindhu Kiranmai and Birnbaum, Michael L and Candan, Kristin A and Rizvi, Asra F and Sterling, William A and Kane, John M and De Choudhury, Munmun},
 booktitle = {Proceedings of the 2019 chi conference on human factors in computing systems},
 title = {Methodological gaps in predicting mental health states from social media: triangulating diagnostic signals},
 year = {2019}
}
, Jonathan and Artstein, Ron and Lucas, Gale and Stratou, G
@inproceedings{gratch2014distress,
 author = {Gratchiota and Scherer, Stefan and Nazarian, Angela and Wood, Rachel and Boberg, Jill and DeVault, David and Marsella, Stacy and others},
 booktitle = {Proc. of LREC},
 title = {The distress analysis interview corpus of human and computer interviews},
 year = {2014}
}

@inproceedings{Fauziah2020DesignTM,
  title={Design Text Mining for Anxiety Detection using Machine Learning based-on Social Media Data during COVID-19 pandemic},
  author={Yulianti Fauziah and Shoffan Saifullah and Agus Sasmito Aribowo},
  year={2020}
}

@inproceedings{gui2019cooperative,
 author = {Gui, Tao and Zhu, Liang and Zhang, Qi and Peng, Minlong and Zhou, Xu and Ding, Keyu and Chen, Zhigang},
 booktitle = {Proc. of AAAI},
 title = {Cooperative multimodal approach to depression detection in Twitter},
 year = {2019}
}

@inproceedings{guntuku2019twitter,
 author = {Guntuku, Sharath Chandra and Preotiuc-Pietro, Daniel and Eichstaedt, Johannes C and Ungar, Lyle H},
 booktitle = {Proc. of AAAI},
 title = {What twitter profile and posted images reveal about depression and anxiety},
 year = {2019}
}

@incollection{hamilton1986hamilton,
 author = {Hamilton, Max},
 booktitle = {Assessment of depression},
 title = {The Hamilton rating scale for depression},
 year = {1986}
}

@inproceedings{harrigian2020models,
 author = {Harrigian, Keith and Aguirre, Carlos and Dredze, Mark},
 booktitle = {Proc. of EMNLP},
 title = {Do Models of Mental Health Based on Social Media Data Generalize?},
 year = {2020}
}

@article{kroenke2001phq,
 author = {Kroenke, Kurt and Spitzer, Robert L and Williams, Janet BW},
 journal = {Journal of general internal medicine},
 title = {The PHQ-9: validity of a brief depression severity measure},
 year = {2001}
}

@article{Lenore1977CES-D,
 author = {Lenore Sawyer Radloff},
 journal = {Applied Psychological Measurement},
 title = {The CES-D Scale: A Self-Report Depression Scale for Research in the General Population},
 year = {1977}
}

@article{lewinsohn1997center,
 author = {Lewinsohn, Peter M and Seeley, John R and Roberts, Robert E and Allen, Nicholas B},
 journal = {Psychology and aging},
 title = {Center for Epidemiologic Studies Depression Scale (CES-D) as a screening instrument for depression among community-residing older adults.},
 year = {1997}
}

@inproceedings{lewis2020bart,
 author = {Lewis, Mike and Liu, Yinhan and Goyal, Naman and Ghazvininejad, Marjan and Mohamed, Abdelrahman and Levy, Omer and Stoyanov, Veselin and Zettlemoyer, Luke},
 booktitle = {Proc. of ACL},
 title = {BART: Denoising Sequence-to-Sequence Pre-training for Natural Language Generation, Translation, and Comprehension},
 year = {2020}
}

@inproceedings{losada2016test,
 author = {Losada, David E and Crestani, Fabio},
 booktitle = {International Conference of the Cross-Language Evaluation Forum for European Languages},
 title = {A test collection for research on depression and language use},
 year = {2016}
}

@inproceedings{losada2017erisk,
 author = {Losada, David E and Crestani, Fabio and Parapar, Javier},
 booktitle = {International Conference of the Cross-Language Evaluation Forum for European Languages},
 title = {eRISK 2017: CLEF lab on early risk prediction on the internet: experimental foundations},
 year = {2017}
}

@inproceedings{losada2019overview,
 author = {Losada, David E and Crestani, Fabio and Parapar, Javier},
 booktitle = {International Conference of the Cross-Language Evaluation Forum for European Languages},
 title = {Overview of erisk 2019 early risk prediction on the internet},
 year = {2019}
}

@article{mazza2020anxiety,
 author = {Mazza, Mario Gennaro and De Lorenzo, Rebecca and Conte, Caterina and Poletti, Sara and Vai, Benedetta and Bollettini, Irene and Melloni, Elisa Maria Teresa and Furlan, Roberto and Ciceri, Fabio and Rovere-Querini, Patrizia and others},
 journal = {Brain, behavior, and immunity},
 title = {Anxiety and depression in COVID-19 survivors: Role of inflammatory and clinical predictors},
 year = {2020}
}


@article{mowery2017understanding,
 author = {Mowery, Danielle and Smith, Hilary and Cheney, Tyler and Stoddard, Greg and Coppersmith, Glen and Bryan, Craig and Conway, Mike},
 journal = {Journal of medical Internet research},
 title = {Understanding depressive symptoms and psychosocial stressors on Twitter: a corpus-based study},
 year = {2017}
}

@article{pennebaker2001linguistic,
 author = {Pennebaker, James W and Francis, Martha E and Booth, Roger J},
 journal = {Mahway: Lawrence Erlbaum Associates},
 title = {Linguistic inquiry and word count: LIWC 2001},
 year = {2001}
}

@inproceedings{reimers-2019-sentence-bert,
 author = {Reimers, Nils and Gurevych, Iryna},
 booktitle = {Proc. of EMNLP},
 title = {Sentence-BERT: Sentence Embeddings using Siamese BERT-Networks},
 year = {2019}
}

@inproceedings{ribeiro2020beyond,
 author = {Ribeiro, Marco Tulio and Wu, Tongshuang and Guestrin, Carlos and Singh, Sameer},
 booktitle = {Proc. of ACL},
 title = {Beyond Accuracy: Behavioral Testing of NLP Models with CheckList},
 year = {2020}
}

@inproceedings{shen2017depression,
 author = {Shen, Guangyao and Jia, Jia and Nie, Liqiang and Feng, Fuli and Zhang, Cunjun and Hu, Tianrui and Chua, Tat-Seng and Zhu, Wenwu},
 booktitle = {Proc. of IJCAI},
 title = {Depression Detection via Harvesting Social Media: A Multimodal Dictionary Learning Solution.},
 year = {2017}
}

@article{trotzek2018utilizing,
 author = {Trotzek, Marcel and Koitka, Sven and Friedrich, Christoph M},
 journal = {IEEE Transactions on Knowledge and Data Engineering},
 title = {Utilizing neural networks and linguistic metadata for early detection of depression indications in text sequences},
 year = {2018}
}

@inproceedings{vaswani2017attention,
 author = {Vaswani, Ashish and Shazeer, Noam and Parmar, Niki and Uszkoreit, Jakob and Jones, Llion and Gomez, Aidan N and Kaiser, {\L}ukasz and Polosukhin, Illia},
 booktitle = {Proc. of NeurIPS},
 title = {Attention is all you need},
 year = {2017}
}

@inproceedings{wolohan2018detecting,
 author = {Wolohan, JT and Hiraga, Misato and Mukherjee, Atreyee and Sayyed, Zeeshan Ali and Millard, Matthew},
 booktitle = {Proceedings of the First International Workshop on Language Cognition and Computational Models},
 title = {Detecting linguistic traces of depression in topic-restricted text: Attending to self-stigmatized depression with NLP},
 year = {2018}
}

@inproceedings{yang2016hierarchical,
 author = {Yang, Zichao and Yang, Diyi and Dyer, Chris and He, Xiaodong and Smola, Alex and Hovy, Eduard},
 booktitle = {Proc. of ACL},
 title = {Hierarchical attention networks for document classification},
 year = {2016}
}

@inproceedings{yates2017depression,
 author = {Yates, Andrew and Cohan, Arman and Goharian, Nazli},
 booktitle = {Proc. of EMNLP},
 title = {Depression and Self-Harm Risk Assessment in Online Forums},
 year = {2017}
}

@article{zhou2021detecting,
 author = {Zhou, Jianlong and Zogan, Hamad and Yang, Shuiqiao and Jameel, Shoaib and Xu, Guandong and Chen, Fang},
 journal = {IEEE Transactions on Computational Social Systems},
 title = {Detecting community depression dynamics due to covid-19 pandemic in australia},
 year = {2021}
}

@article{zogan2021depressionnet,
 author = {Zogan, Hamad and Razzak, Imran and Jameel, Shoaib and Xu, Guandong},
 journal = {arXiv preprint arXiv:2105.10878},
 title = {DepressionNet: A Novel Summarization Boosted Deep Framework for Depression Detection on Social Media},
 year = {2021}
}

@inproceedings{jiang2020detection,
    title = "Detection of Mental Health from {R}eddit via Deep Contextualized Representations",
    author = "Jiang, Zhengping  and
      Levitan, Sarah Ita  and
      Zomick, Jonathan  and
      Hirschberg, Julia",
    booktitle = "Proceedings of the 11th International Workshop on Health Text Mining and Information Analysis",
    month = nov,
    year = "2020",
    address = "Online",
    publisher = "Association for Computational Linguistics",
    pages = "147--156",
}


@article{Zhang2022SymptomIF,
  title={Symptom Identification for Interpretable Detection of Multiple Mental Disorders},
  author={Zhiling Zhang and Siyuan Chen and Mengyue Wu and Kenny Q. Zhu},
  journal={ArXiv},
  year={2022},
  volume={abs/2205.11308}
}

@article{zogan2021explainable,
 archivePrefix = {arXiv},
 author = {Hamad Zogan and Imran Razzak and Xianzhi Wang and Shoaib Jameel and Guandong Xu},
 eprint = {2007.02847},
 journal = {arXiv preprint arXiv:2007.02847},
 primaryClass = {cs.IR},
 title = {Explainable Depression Detection with Multi-Modalities Using a Hybrid Deep Learning Model on Social Media},
 year = {2021}
}

@article{zung1965self,
 author = {Zung, William WK},
 journal = {Archives of general psychiatry},
 title = {A self-rating depression scale},
 year = {1965}
}

@article{karmen2015screening,
  title={Screening internet forum participants for depression symptoms by assembling and enhancing multiple NLP methods},
  author={Karmen, Christian and Hsiung, Robert C and Wetter, Thomas},
  journal={Computer methods and programs in biomedicine},
  volume={120},
  number={1},
  pages={27--36},
  year={2015},
  publisher={Elsevier}
}

@incollection{zhou2015identifying,
  title={Identifying patients with depression using free-text clinical documents},
  author={Zhou, Li and Baughman, Amy W and Lei, Victor J and Lai, Kenneth H and Navathe, Amol S and Chang, Frank and Sordo, Margarita and Topaz, Maxim and Zhong, Feiran and Murrali, Madhavan and others},
  booktitle={MEDINFO 2015: eHealth-enabled Health},
  pages={629--633},
  year={2015},
  publisher={IOS Press}
}

@article{jackson2017natural,
  title={Natural language processing to extract symptoms of severe mental illness from clinical text: the Clinical Record Interactive Search Comprehensive Data Extraction (CRIS-CODE) project},
  author={Jackson, Richard G and Patel, Rashmi and Jayatilleke, Nishamali and Kolliakou, Anna and Ball, Michael and Gorrell, Genevieve and Roberts, Angus and Dobson, Richard J and Stewart, Robert},
  journal={BMJ open},
  volume={7},
  number={1},
  pages={e012012},
  year={2017},
  publisher={British Medical Journal Publishing Group}
}

@inproceedings{lin2019enhancing,
  title={Enhancing dialogue symptom diagnosis with global attention and symptom graph},
  author={Lin, Xinzhu and He, Xiahui and Chen, Qin and Tou, Huaixiao and Wei, Zhongyu and Chen, Ting},
  booktitle={Proceedings of the 2019 Conference on Empirical Methods in Natural Language Processing and the 9th International Joint Conference on Natural Language Processing (EMNLP-IJCNLP)},
  pages={5033--5042},
  year={2019}
}

@inproceedings{yadav2020identifying,
  title={Identifying Depressive Symptoms from Tweets: Figurative Language Enabled Multitask Learning Framework},
  author={Yadav, Shweta and Chauhan, Jainish and Sain, Joy Prakash and Thirunarayan, Krishnaprasad and Sheth, Amit and Schumm, Jeremiah},
  booktitle={Proceedings of the 28th International Conference on Computational Linguistics},
  pages={696--709},
  year={2020}
}

@article{nguyen2022improving,
  title={Improving the Generalizability of Depression Detection by Leveraging Clinical Questionnaires},
  author={Nguyen, Thong and Yates, Andrew and Zirikly, Ayah and Desmet, Bart and Cohan, Arman},
  journal={arXiv preprint arXiv:2204.10432},
  year={2022}
}

@article{zhang2022psychiatric,
  title={Psychiatric Scale Guided Risky Post Screening for Early Detection of Depression},
  author={Zhang, Zhiling and Chen, Siyuan and Wu, Mengyue and Zhu, Kenny Q.},
  journal={arXiv preprint arXiv:2205.09497},
  year={2022}
}

@article{bucur2021early,
 author = {Bucur, Ana-Maria and Cosma, Adrian and Dinu, Liviu P},
 journal = {arXiv preprint arXiv:2106.16175},
 title = {Early risk detection of pathological gambling, self-harm and depression using bert},
 year = {2021}
}

@inproceedings{lee2021micromodels,
  title={Micromodels for Efficient, Explainable, and Reusable Systems: A Case Study on Mental Health},
  author={Lee, Andrew and Kummerfeld, Jonathan K and An, Larry and Mihalcea, Rada},
  booktitle={Findings of the Association for Computational Linguistics: EMNLP 2021},
  pages={4257--4272},
  year={2021}
}

@article{Ruiz2015Comorbidity,
author = {Ruiz, Eva and Gutiérrez-Rojas, Luis},
year = {2015},
month = {03},
pages = {},
title = {Comorbidity of bipolar disorder and eating disorders},
volume = {8},
journal = {Revista de psiquiatria y salud mental}
}

@article{LUNDE2009relation,
title = {The relationship of bulimia and anorexia nervosa with bipolar disorder and its temperamental foundations},
journal = {Journal of Affective Disorders},
volume = {115},
number = {3},
pages = {309-314},
year = {2009},
issn = {0165-0327},
doi = {https://doi.org/10.1016/j.jad.2008.10.012},
url = {https://www.sciencedirect.com/science/article/pii/S0165032708003984},
author = {Anna V. Lunde and Ole B. Fasmer and Kareen K. Akiskal and Hagop S. Akiskal and Ketil J. Oedegaard}
}

@article{Femke2011Comorbidity,
title = "Comorbidity Patterns of Anxiety and Depressive Disorders in a Large Cohort Study: The Netherlands Study of Depression and Anxiety (NESDA)",
author = "Femke Lamers and {van Oppen}, Patricia and Comijs, {Hannie C.} and Smit, {Johannes H.} and Philip Spinhoven and {van Balkom}, {Anton J. L. M.} and Nolen, {Willem A.} and Zitman, {Frans G.} and Beekman, {Aartjan T. F.} and Brenda Penninx",
year = "2011",
volume = "72",
pages = "341--348",
journal = "Journal of Clinical Psychiatry",
issn = "0160-6689",
publisher = "Physicians Postgraduate Press Inc.",
number = "3",
}

@inproceedings{song2018feature,
    title = "Feature Attention Network: Interpretable Depression Detection from Social Media",
    author = "Song, Hoyun  and
      You, Jinseon  and
      Chung, Jin-Woo  and
      Park, Jong C.",
    booktitle = "Proceedings of the 32nd Pacific Asia Conference on Language, Information and Computation",
    month = "1{--}3 " # dec,
    year = "2018",
    address = "Hong Kong",
    publisher = "Association for Computational Linguistics",
    url = "https://aclanthology.org/Y18-1070",
}

@article{Liu2019EndToEndML,
  title={End-To-End Multi-Task Learning With Attention},
  author={Shikun Liu and Edward Johns and Andrew J. Davison},
  journal={2019 IEEE/CVF Conference on Computer Vision and Pattern Recognition (CVPR)},
  year={2019},
  pages={1871-1880}
}

@article{ji2021mentalbert,
  title={MentalBERT: Publicly Available Pretrained Language Models for Mental Healthcare},
  author={Ji, Shaoxiong and Zhang, Tianlin and Ansari, Luna and Fu, Jie and Tiwari, Prayag and Cambria, Erik},
  journal={arXiv preprint arXiv:2110.15621},
  year={2021}
}

@inproceedings{nie2020can,
  title={What Can We Learn from Collective Human Opinions on Natural Language Inference Data?},
  author={Nie, Yixin and Zhou, Xiang and Bansal, Mohit},
  booktitle={Proceedings of the 2020 Conference on Empirical Methods in Natural Language Processing (EMNLP)},
  pages={9131--9143},
  year={2020}
}

@inproceedings{meissner2021embracing,
  title={Embracing Ambiguity: Shifting the Training Target of NLI Models},
  author={Meissner, Johannes Mario and Thumwanit, Napat and Sugawara, Saku and Aizawa, Akiko},
  booktitle={Proceedings of the 59th Annual Meeting of the Association for Computational Linguistics and the 11th International Joint Conference on Natural Language Processing (Volume 2: Short Papers)},
  pages={862--869},
  year={2021}
}

@article{fonseca2020addressing,
  title={Addressing missing labels in large-scale sound event recognition using a teacher-student framework with loss masking},
  author={Fonseca, Eduardo and Hershey, Shawn and Plakal, Manoj and Ellis, Daniel PW and Jansen, Aren and Moore, R Channing},
  journal={IEEE Signal Processing Letters},
  volume={27},
  pages={1235--1239},
  year={2020},
  publisher={IEEE}
}

@article{ROCA2009Prevalence,
title = {Prevalence and comorbidity of common mental disorders in primary care},
journal = {Journal of Affective Disorders},
volume = {119},
number = {1},
pages = {52-58},
year = {2009},
issn = {0165-0327},
author = {M. Roca and M. Gili and M. Garcia-Garcia and J. Salva and M. Vives and J. {Garcia Campayo} and A. Comas},
}


@inproceedings{gururani2021semi,
  title={Semi-Supervised Audio Classification with Partially Labeled Data},
  author={Gururani, Siddharth and Lerch, Alexander},
  booktitle={2021 IEEE International Symposium on Multimedia (ISM)},
  pages={111--114},
  year={2021},
  organization={IEEE}
}

@misc{NIMHMental,
    author= {NIMH},
    year  = {2022},
    title = {NIMH >> Mental Illness},
    note  = {\url{https://www.nimh.nih.gov/health/statistics/mental-illness}, 
             Last accessed on 2022-05-13},
}

@misc{UNMental,
    author= {UN},
    year  = {2020},
    title = {Secretary-General's message on World Mental Health Day},
}

@inproceedings{coppersmith2015adhd,
  title={From ADHD to SAD: Analyzing the language of mental health on Twitter through self-reported diagnoses},
  author={Coppersmith, Glen and Dredze, Mark and Harman, Craig and Hollingshead, Kristy},
  booktitle={Proceedings of the 2nd workshop on computational linguistics and clinical psychology: from linguistic signal to clinical reality},
  pages={1--10},
  year={2015}
}

@inproceedings{cohan2018smhd,
  title={SMHD: a Large-Scale Resource for Exploring Online Language Usage for Multiple Mental Health Conditions},
  author={Cohan, Arman and Desmet, Bart and Yates, Andrew and Soldaini, Luca and MacAvaney, Sean and Goharian, Nazli},
  booktitle={Proceedings of the 27th International Conference on Computational Linguistics},
  pages={1485--1497},
  year={2018}
}

@inproceedings{gjurkovic2021pandora,
  title={PANDORA Talks: Personality and Demographics on Reddit},
  author={Gjurkovi{\'c}, Matej and Karan, Mladen and Vukojevi{\'c}, Iva and Bo{\v{s}}njak, Mihaela and {\v{S}}najder, Jan},
  booktitle={Proceedings of the Ninth International Workshop on Natural Language Processing for Social Media},
  pages={138--152},
  year={2021}
}

@inproceedings{de2013predicting,
  title={Predicting depression via social media},
  author={De Choudhury, Munmun and Gamon, Michael and Counts, Scott and Horvitz, Eric},
  booktitle={Seventh international AAAI conference on weblogs and social media},
  year={2013}
}

@article{Busso2008IEMOCAPIE,
  title={IEMOCAP: interactive emotional dyadic motion capture database},
  author={Carlos Busso and Murtaza Bulut and Chi-Chun Lee and Ebrahim (Abe) Kazemzadeh and Emily Mower Provost and Samuel Kim and Jeannette N. Chang and Sungbok Lee and Shrikanth S. Narayanan},
  journal={Language Resources and Evaluation},
  year={2008},
  volume={42},
  pages={335-359}
}

@inproceedings{wu2022climate,
  title={Climate and Weather: Inspecting Depression Detection via Emotion Recognition},
  author={Wu, Wen and Wu, Mengyue and Yu, Kai},
  booktitle={ICASSP 2022-2022 IEEE International Conference on Acoustics, Speech and Signal Processing (ICASSP)},
  pages={6262--6266},
  year={2022},
  organization={IEEE}
}

@inproceedings{baumgartner2020pushshift,
  title={The pushshift reddit dataset},
  author={Baumgartner, Jason and Zannettou, Savvas and Keegan, Brian and Squire, Megan and Blackburn, Jeremy},
  booktitle={Proceedings of the international AAAI conference on web and social media},
  volume={14},
  pages={830--839},
  year={2020}
}

@inproceedings{neumann2019scispacy,
  title={ScispaCy: Fast and Robust Models for Biomedical Natural Language Processing},
  author={Neumann, Mark and King, Daniel and Beltagy, Iz and Ammar, Waleed},
  booktitle={Proceedings of the 18th BioNLP Workshop and Shared Task},
  pages={319--327},
  year={2019}
}

@book{leskovec2020mining,
  title={Mining of massive data sets},
  author={Leskovec, Jure and Rajaraman, Anand and Ullman, Jeffrey David},
  year={2020},
  publisher={Cambridge university press}
}

@inproceedings{sekulic2019adapting,
  title={Adapting Deep Learning Methods for Mental Health Prediction on Social Media},
  author={Sekuli{\'c}, Ivan and Strube, Michael},
  booktitle={Proceedings of the 5th Workshop on Noisy User-generated Text (W-NUT 2019)},
  pages={322--327},
  year={2019}
}