% intro
@article{pongracz2017modeling,
	title={Modeling evolutionary changes in information transfer: Effects of domestication on the vocal communication of dogs (Canis familiaris).},
	author={Pongr{\'a}cz, P{\'e}ter},
	journal={European Psychologist},
	volume={22},
	number={4},
	pages={219},
	year={2017},
	publisher={Hogrefe Publishing}
}

@article{pongracz2011children,
	title={Do children understand man's best friend? Classification of dog barks by pre-adolescents and adults},
	author={Pongr{\'a}cz, P{\'e}ter and Moln{\'a}r, Csaba and D{\'o}ka, Antal and Mikl{\'o}si, {\'A}d{\'a}m},
	journal={Applied animal behaviour science},
	volume={135},
	number={1-2},
	pages={95--102},
	year={2011},
	publisher={Elsevier}
}

@article{kong2020panns,
	title={Panns: Large-scale pretrained audio neural networks for audio pattern recognition},
	author={Kong, Qiuqiang and Cao, Yin and Iqbal, Turab and Wang, Yuxuan and Wang, Wenwu and Plumbley, Mark D},
	journal={IEEE/ACM Transactions on Audio, Speech, and Language Processing},
	volume={28},
	pages={2880--2894},
	year={2020},
	publisher={IEEE}
}

@inproceedings{arnold2018affect,
	title={Affect in language learning: A map of the terrain},
	author={Arnold, Jane and Brown, HD},
	booktitle={Language learning and emotions: Third international conference on language education and testing},
	year={2018}
}

@article{pongracz2010barking,
	title={Barking in family dogs: an ethological approach},
	author={Pongr{\'a}cz, P{\'e}ter and Moln{\'a}r, Csaba and Mikl{\'o}si, {\'A}d{\'a}m},
	journal={The Veterinary Journal},
	volume={183},
	number={2},
	pages={141--147},
	year={2010},
	publisher={Elsevier}
}

@article{larranaga2015comparing,
	title={Comparing supervised learning methods for classifying sex, age, context and individual Mudi dogs from barking},
	author={Larranaga, Ana and Bielza, Concha and Pongr{\'a}cz, P{\'e}ter and Farag{\'o}, Tam{\'a}s and B{\'a}lint, Anna and Larranaga, Pedro},
	journal={Animal cognition},
	volume={18},
	number={2},
	pages={405--421},
	year={2015},
	publisher={Springer}
}

@inproceedings{hantke2018my,
	title={What is my dog trying to tell me? The automatic recognition of the context and perceived emotion of dog barks},
	author={Hantke, Simone and Cummins, Nicholas and Schuller, Bjorn},
	booktitle={2018 IEEE International Conference on Acoustics, Speech and Signal Processing (ICASSP)},
	pages={5134--5138},
	year={2018},
	organization={IEEE}
}

@article{paladini2020bark,
	title={The bark and its meanings in inter and intra-specific language},
	author={Paladini, Aleida},
	journal={Dog behavior},
	volume={6},
	number={1},
	pages={21--30},
	year={2020}
}

@article{molnar2008classification,
	title={Classification of dog barks: a machine learning approach},
	author={Moln{\'a}r, Csaba and Kaplan, Fr{\'e}d{\'e}ric and Roy, Pierre and Pachet, Fran{\c{c}}ois and Pongr{\'a}cz, P{\'e}ter and D{\'o}ka, Antal and Mikl{\'o}si, {\'A}d{\'a}m},
	journal={Animal Cognition},
	volume={11},
	number={3},
	pages={389--400},
	year={2008},
	publisher={Springer}
}

%mfcc
@article{davis1980comparison,
	title={Comparison of parametric representations for monosyllabic word recognition in continuously spoken sentences},
	author={Davis, Steven and Mermelstein, Paul},
	journal={IEEE transactions on acoustics, speech, and signal processing},
	volume={28},
	number={4},
	pages={357--366},
	year={1980},
	publisher={IEEE}
}

% mfcc application
@article{tiwari2010mfcc,
	title={MFCC and its applications in speaker recognition},
	author={Tiwari, Vibha},
	journal={International journal on emerging technologies},
	volume={1},
	number={1},
	pages={19--22},
	year={2010},
	publisher={Citeseer}
}

%GeMAPS
@article{eyben2015geneva,
	title={The Geneva minimalistic acoustic parameter set (GeMAPS) for voice research and affective computing},
	author={Eyben, Florian and Scherer, Klaus R and Schuller, Bj{\"o}rn W and Sundberg, Johan and Andr{\'e}, Elisabeth and Busso, Carlos and Devillers, Laurence Y and Epps, Julien and Laukka, Petri and Narayanan, Shrikanth S and others},
	journal={IEEE transactions on affective computing},
	volume={7},
	number={2},
	pages={190--202},
	year={2015},
	publisher={IEEE}
}

%filterbank
@book{strang1996wavelets,
	title={Wavelets and filter banks},
	author={Strang, Gilbert and Nguyen, Truong},
	year={1996},
	publisher={SIAM}
}

%PLP
@article{hermansky1990perceptual,
	title={Perceptual linear predictive (PLP) analysis of speech},
	author={Hermansky, Hynek},
	journal={the Journal of the Acoustical Society of America},
	volume={87},
	number={4},
	pages={1738--1752},
	year={1990},
	publisher={Acoustical Society of America}
}

%audio difference
@inproceedings{arai1997temporal,
	title={The temporal properties of spoken Japanese are similar to those of English.},
	author={Arai, Takayuki and Greenberg, Steven},
	booktitle={EUROSPEECH},
	year={1997}
}


@inproceedings{feat1,
	author = {Casalicchio, Giuseppe and Molnar, Christoph and Bischl, Bernd},
	year = {2018},
	month = {04},
	pages = {},
	title = {Visualizing the Feature Importance for Black Box Models}
}

@inproceedings{greenberg1997origins,
	title={On the origins of speech intelligibility in the real world},
	author={Greenberg, Steven},
	booktitle={Robust speech recognition for unknown communication channels},
	year={1997}
}

@article{dogbark_1,
	author = {Nikolett Jégh-Czinege and Tamás Faragó and Péter Pongrácz},
	title = {A bark of its own kind – the acoustics of ‘annoying’ dog barks suggests a specific attention-evoking effect for humans},
	journal = {Bioacoustics},
	volume = {29},
	number = {2},
	pages = {210-225},
	year  = {2020},
	publisher = {Taylor & Francis},
	doi = {10.1080/09524622.2019.1576147},
	URL = { 
	https://doi.org/10.1080/09524622.2019.1576147
	},
	eprint = { 
	https://doi.org/10.1080/09524622.2019.1576147
	}
}

@article{beyret2019animal,
	title={The animal-ai environment: Training and testing animal-like artificial cognition},
	author={Beyret, Benjamin and Hern{\'a}ndez-Orallo, Jos{\'e} and Cheke, Lucy and Halina, Marta and Shanahan, Murray and Crosby, Matthew},
	journal={arXiv preprint arXiv:1909.07483},
	year={2019}
}

@book{thorndike2017animal,
	title={Animal intelligence: Experimental studies},
	author={Thorndike, L and Bruce, Darryl},
	year={2017},
	publisher={Routledge}
}

@article{ueda2010effects,
	title={Effects of frequency-band elimination on syllable identification of Japanese noise-vocoded speech: Analyses of confusion matrices},
	author={Ueda, Kazuo and Nakajima, Yoshitaka and Satsukawa, Yu'ichi},
	journal={Proceedings of Fechner Day},
	volume={26},
	pages={33--38},
	year={2010}
}

@misc{lo18soundfreq,
	author={John Lo},
	title={Sound Frequencies of Language},
	howpublished={\url{https://medium.com/language-insights/sound-frequencies-of-language-714b97811408}},
	year={2018}
}

@article{ueda2017acoustic,
	title={An acoustic key to eight languages/dialects: Factor analyses of critical-band-filtered speech},
	author={Ueda, Kazuo and Nakajima, Yoshitaka},
	journal={Scientific reports},
	volume={7},
	number={1},
	pages={1--4},
	year={2017},
	publisher={Nature Publishing Group}
}

@inproceedings{szegedy2017inception,
  title={Inception-v4, inception-resnet and the impact of residual connections on learning},
  author={Szegedy, Christian and Ioffe, Sergey and Vanhoucke, Vincent and Alemi, Alexander A},
  booktitle={Thirty-first AAAI conference on artificial intelligence},
  year={2017}
}

%ofa model
@article{wang2022unifying,
  title={Unifying architectures, tasks, and modalities through a simple sequence-to-sequence learning framework},
  author={Wang, Peng and Yang, An and Men, Rui and Lin, Junyang and Bai, Shuai and Li, Zhikang and Ma, Jianxin and Zhou, Chang and Zhou, Jingren and Yang, Hongxia},
  journal={arXiv preprint arXiv:2202.03052},
  year={2022}
}

%common voice
@article{ardila2019common,
  title={Common voice: A massively-multilingual speech corpus},
  author={Ardila, Rosana and Branson, Megan and Davis, Kelly and Henretty, Michael and Kohler, Michael and Meyer, Josh and Morais, Reuben and Saunders, Lindsay and Tyers, Francis M and Weber, Gregor},
  journal={arXiv preprint arXiv:1912.06670},
  year={2019}
}
%compare
@inproceedings{schuller2013interspeech,
  title={The INTERSPEECH 2013 computational paralinguistics challenge: Social signals, conflict, emotion, autism},
  author={Schuller, Bj{\"o}rn and Steidl, Stefan and Batliner, Anton and Vinciarelli, Alessandro and Scherer, Klaus and Ringeval, Fabien and Chetouani, Mohamed and Weninger, Felix and Eyben, Florian and Marchi, Erik and others},
  booktitle={Proceedings INTERSPEECH 2013, 14th Annual Conference of the International Speech Communication Association, Lyon, France},
  year={2013}
}

%bert
@article{devlin2018bert,
  title={Bert: Pre-training of deep bidirectional transformers for language understanding},
  author={Devlin, Jacob and Chang, Ming-Wei and Lee, Kenton and Toutanova, Kristina},
  journal={arXiv preprint arXiv:1810.04805},
  year={2018}
}