@inproceedings{JaffarYZ07,
  author    = {Joxan Jaffar and
               Roland H. C. Yap and
               Kenny Qili Zhu},
  title     = {Generalized Committed Choice},
  booktitle = {COORDINATION},
  year      = {2007},
  pages     = {191-210}
}

@proceedings{Murphy2007:coordination,
  editor    = {Amy L. Murphy and
               Jan Vitek},
  title     = {Coordination Models and Languages, 9th International Conference,
               COORDINATION 2007, Paphos, Cyprus, June 6-8, 2007, Proceedings},
  booktitle = {COORDINATION},
  publisher = {Springer},
  series    = {Lecture Notes in Computer Science},
  volume    = {4467},
  year      = {2007}
}

@article{GelernterC92,
  author    = {David Gelernter and
               Nicholas Carriero},
  title     = {Coordination Languages and Their Significance},
  journal   = {Commun. ACM},
  volume    = {35},
  number    = {2},
  year      = {1992},
  pages     = {96-107}
}

@article{BernsteinG83,
  author    = {Philip A. Bernstein and
               Nathan Goodman},
  title     = {Multiversion Concurrency Control - Theory and Algorithms},
  journal   = {ACM Trans. Database Syst.},
  volume    = {8},
  number    = {4},
  year      = {1983},
  pages     = {465-483}
}

@article{BrogiC91,
  author    = {Antonio Brogi and
               Paolo Ciancarini},
  title     = {The Concurrent Language, Shared Prolog},
  journal   = {ACM Trans. Program. Lang. Syst.},
  volume    = {13},
  number    = {1},
  year      = {1991},
  pages     = {99-123}
}

@PHDTHESIS{Mehl:diss,
  title = {The {Oz} Virtual Machine - Records, Transients, and Deep Guards},
  author = {Michael Mehl},
  year = {1999},
  school = {U. of Saarlandes},
}
% school = {{Technische Fakult{\"a}t der Universit{\"a}t des Saarlandes}},

@inproceedings{SchulteSW94,
  author    = {Christian Schulte and
               Gert Smolka and
               J{\"o}rg W{\"u}rtz},
  title     = {Encapsulated Search and Constraint Programming in {Oz}},
  booktitle = {PPCP},
  year      = {1994},
  pages     = {134-150}
}

@proceedings{DBLP:conf/ppcp/1994,
  editor    = {Alan Borning},
  title     = {Principles and Practice of Constraint Programming, Second
               International Workshop, PPCP'94, Rosario, Orcas Island,
               Washington, USA, May 2-4, 1994, Proceedings},
  booktitle = {PPCP},
  publisher = {Springer},
  series    = {Lecture Notes in Computer Science},
  volume    = {874},
  year      = {1994},
  isbn      = {3-540-58601-6},
  bibsource = {DBLP, http://dblp.uni-trier.de}
}

@inproceedings{SchulteS94,
  author    = {Christian Schulte and
               Gert Smolka},
  title     = {Encapsulated Search for Higher-order Concurrent Constraint
               Programming},
  booktitle = {SLP},
  year      = {1994},
  pages     = {505-520}
}

@inproceedings{Smolka94,
  author    = {Gert Smolka},
  title     = {The Definition of Kernel {Oz}},
  booktitle = {Constraint Programming},
  year      = {1994},
  pages     = {251-292}
}

@proceedings{DBLP:journals/lncs/1994-910,
  editor    = {Andreas Podelski},
  title     = {Constraint Programming: Basics and Trends, Ch{\^a}tillon
               Spring School, Ch{\^a}tillon-sur-Seine, France, May 16
               - 20, 1994, Selected Papers},
  booktitle = {Constraint Programming},
  publisher = {Springer},
  series    = {Lecture Notes in Computer Science},
  volume    = {910},
  year      = {1995},
  isbn      = {3-540-59155-9},
  bibsource = {DBLP, http://dblp.uni-trier.de}
}

@book{UnixNetworkProgramming,
  author    = {W. Richard Stevens},
  title     = {Unix network programming},
  publisher = {Prentice Hall},
  year      = {1990},
  pages     = {I-XI, 1-772}
}

@inproceedings{Guttag76,
  author    = {John V. Guttag},
  title     = {Abstract Data Types and the Development of Data Structures},
  booktitle = {Proceedings of the SIGPLAN '76 Conference on Data: Abstraction,
               Definition and Structure},
  publisher = {ACM},
  year      = {1976},
  pages     = {72}
}

@incollection {Ciancarini95,
   author = {Ciancarini, Paolo and Jensen, Keld and Yankelevich, Daniel},
   title = {On the operational semantics of a coordination language},
   booktitle = {Object-Based Models and Languages for Concurrent Systems},
   series = {Lecture Notes in Computer Science},
   pages = {77-106},
   volume = {924},
   year = {1995}
}

@incollection{Dijkstra2002:Hierarchical,
 author = {Edsger W. Dijkstra},
 title = {Hierarchical ordering of sequential processes},
 booktitle = {The origin of concurrent programming},
 year = {2002},
 pages = {198--227}
}

%% related 2012-07-06

@article{Papadopoulos98,
  title={Coordination models and languages},
  author={Papadopoulos, G.A. and Arbab, F.},
  journal={Advances in Computers},
  volume={46},
  pages={329--400},
  year={1998},
  publisher={Elsevier}
}
@article{Gelernter89multiple,
  title={Multiple tuple spaces in Linda},
  author={Gelernter, D.},
  journal={PARLE'89 Parallel Architectures and Languages Europe},
  pages={20--27},
  year={1989},
  publisher={Springer}
}
@article{Jagannathan91,
  title={Optimizing Analysis for First-Class Tuple-Spaces},
  author={Jagannathan, S.},
  journal={Advances in Languages and Compilers for Parallel Computing},
  pages={44--70},
  year={1991},
  publisher={Citeseer}
}
@inproceedings{Ciancarini91polis,
  title={PoliS: a programming model for multiple tuple spaces},
  author={Ciancarini, P.},
  booktitle={Proceedings of the 6th international workshop on Software specification and design},
  pages={44--51},
  year={1991},
  organization={IEEE Computer Society Press}
}
@article{Carriero95bauhaus,
  title={Bauhaus linda},
  author={Carriero, N. and Gelernter, D. and Zuck, L.},
  journal={Object-Based Models and Languages for Concurrent Systems},
  pages={66--76},
  year={1995},
  publisher={Springer}
}
@article{Gelernter97linda,
  title={On what linda is: Formal description of linda as a reactive system},
  author={Gelernter, D. and Zuck, L.},
  journal={Coordination Languages and Models},
  pages={187--204},
  year={1997},
  publisher={Springer}
}
@article{Busi00linda,
  title={Comparing three semantics for Linda-like languages},
  author={Busi, N. and Gorrieri, R. and Zavattaro, G.},
  journal={Theoretical Computer Science},
  volume={240},
  number={1},
  pages={49--90},
  year={2000},
  publisher={Elsevier}
}
@article{Semini99,
  title={A refinement calculus for tuple spaces},
  author={Semini, L. and Montangero, C.},
  journal={Science of Computer Programming},
  volume={34},
  number={2},
  pages={79--140},
  year={1999},
  publisher={Elsevier}
}
@article{Brogi99,
  title={On the expressiveness of coordination models},
  author={Brogi, A. and Jacquet, J.M.},
  journal={Coordinatio Languages and Models},
  pages={649--649},
  year={1999},
  publisher={Springer}
}
@article{Busi00expressiveness,
  title={On the expressiveness of Linda coordination primitives},
  author={Busi, N. and Gorrieri, R. and Zavattaro, G.},
  journal={Information and Computation},
  volume={156},
  number={1},
  pages={90--121},
  year={2000},
  publisher={Elsevier}
}
@article{Brogi03,
  title={On the expressiveness of coordination via shared dataspaces},
  author={Brogi, A. and Jacquet, J.M.},
  journal={Science of Computer Programming},
  volume={46},
  number={1},
  pages={71--98},
  year={2003},
  publisher={Elsevier}
}

@inproceedings{BestavrosB95,
  author    = {Azer Bestavros and
               Spyridon Braoudakis},
  title     = {Value-cognizant Speculative Concurrency Control},
  booktitle = {VLDB},
  year      = {1995},
  pages     = {122-133}
}

@inproceedings{BestavrosB94,
  author    = {Azer Bestavros and
               Spyridon Braoudakis},
  title     = {Timeliness via Speculation for Real-Time Databases},
  booktitle = {IEEE Real-Time Systems Symposium},
  year      = {1994},
  pages     = {36-45},
}

@inproceedings{PrabhuRV10,
  author    = {Prakash Prabhu and
               Ganesan Ramalingam and
               Kapil Vaswani},
  title     = {Safe programmable speculative parallelism},
  booktitle = {PLDI},
  year      = {2010},
  pages     = {50-61}
}

@book{Armstrong89:worlds,
  author = {D. M. Armstrong},
  title = {A Combinatorial Theory of Possibility},
  year = {1989}
}

@inproceedings{Osborne1990:multilisp,
  title={Speculative Computation in Multilisp},
  author={Randy B. Osborne},
  booktitle={Proceedings of US/Japan Workshop on Parallel Lisp},
  year={1989}
}

@inproceedings{EnnalsJ03:optimisitic,
  author    = {Robert Ennals and
               Simon L. Peyton Jones},
  title     = {Optimistic evaluation: an adaptive evaluation strategy for
               non-strict programs},
  booktitle = {ICFP},
  year      = {2003}
}

@article{Billaud90:cut,
  author    = {Michel Billaud},
  title     = {Simple Operational and Denotational Semantics for Prolog
               with Cut},
  journal   = {Theor. Comput. Sci.},
  volume    = {71},
  number    = {2},
  year      = {1990}
}

@inproceedings{WelcJH05,
  author    = {Adam Welc and
               Suresh Jagannathan and
               Antony L. Hosking},
  title     = {Safe futures for Java},
  booktitle = {OOPSLA},
  year      = {2005},
  pages     = {439-453}
}

@inproceedings{Uht1995:DEE,
 author = {Augustus K. Uht and Vijay Sindagi and Kelley Hall},
 title = {Disjoint eager execution: an optimal form of speculative execution},
 booktitle = {MICRO},
 year = {1995},
 pages = {313--325}
} 

@article{Hammond1998:DSS,
 author = {Lance Hammond and Mark Willey and Kunle Olukotun},
 title = {Data speculation support for a chip multiprocessor},
 journal = {SIGOPS Oper. Syst. Rev.},
 volume = {32},
 number = {5},
 year = {1998},
 pages = {58--69}
} 

@inproceedings{KrishnamurthyN88,
  author    = {Ravi Krishnamurthy and
               Shamim A. Naqvi},
  title     = {Non-Deterministic Choice in Datalog},
  booktitle = {JCDKB},
  year      = {1988},
  pages     = {416-424}
}

@inproceedings{GiannottiPSZ91,
  author    = {Fosca Giannotti and
               Dino Pedreschi and
               Domenico Sacc{\`a} and
               Carlo Zaniolo},
  title     = {Non-Determinism in Deductive Databases},
  booktitle = {DOOD},
  year      = {1991},
  pages     = {129-146}
}

@inproceedings{SaccaZ90,
  author    = {Domenico Sacc{\`a} and
               Carlo Zaniolo},
  title     = {Stable Models and Non-Determinism in Logic Programs with
               Negation},
  booktitle = {PODS},
  year      = {1990},
  pages     = {205-217}
}

@article{SondergaardS92,
  author    = {Harald S{\o}ndergaard and Peter Sestoft},
  title     = {Non-Determinism in Functional Languages},
  journal   = {Comput. J.},
  volume    = {35},
  number    = {5},
  year      = {1992},
  pages     = {514-523}
}

@inproceedings{BroyW81,
  author    = {Manfred Broy and
               Martin Wirsing},
  title     = {On the Algebraic Specification of Nondeterministic Programming
               Languages},
  booktitle = {CAAP},
  year      = {1981},
  pages     = {162-179}
}

@article{Johansen67,
  author    = {Peter Johansan},
  title     = {Non-Deterministic Programming},
  journal   = {BIT Numerical Mathematics},
  volume    = {7},
  number    = {4},
  year      = {1967},
  pages     = {289-304}
}

@inproceedings{BodikCGKTBR10,
  author    = {Rastislav Bod\'{\i}k and
               Satish Chandra and
               Joel Galenson and
               Doug Kimelman and
               Nicholas Tung and
               Shaon Barman and
               Casey Rodarmor},
  title     = {Programming with angelic nondeterminism},
  booktitle = {POPL},
  year      = {2010},
  pages     = {339-352}
}

@article{Floyd67,
  author    = {Robert W. Floyd},
  title     = {Nondeterministic Algorithms},
  journal   = {J. ACM},
  volume    = {14},
  number    = {4},
  year      = {1967},
  pages     = {636-644}
}

@article{Broy86,
  author    = {Manfred Broy},
  title     = {A Theory for Nondeterminism, Parallelism, Communication,
               and Concurrency},
  journal   = {Theor. Comput. Sci.},
  volume    = {45},
  number    = {1},
  year      = {1986}
}

@article{DantsinEGV01,
  author    = {Evgeny Dantsin and
               Thomas Eiter and
               Georg Gottlob and
               Andrei Voronkov},
  title     = {Complexity and expressive power of logic programming},
  journal   = {ACM Comput. Surv.},
  volume    = {33},
  number    = {3},
  year      = {2001}
}

