@book{Aho:72,
    author  = {Alfred V. Aho and Jeffrey D. Ullman},
    title   = {The Theory of Parsing, Translation and Compiling},
    year    = "1972",
    volume  = "1",
    publisher = {Prentice-Hall},
    address = {Englewood Cliffs, NJ}
}

@book{APA:83,
    author  = {{American Psychological Association}},
    title   = {Publications Manual},
    year    = "1983",
   publisher = {American Psychological Association},
   address = {Washington, DC}
}

@article{ACM:83,
	author = {ACM},
	year = "1983",
	journal = {Computing Reviews},
	volume = "24",
	number = "11",
}

@article{Chandra:81,
	author = {Ashok K. Chandra and Dexter C. Kozen and Larry J. Stockmeyer},
	year = "1981",
	title = {Alternation},
	journal = {Journal of the ACM},
	volume = "28",
	number = "1",
	doi = "10.1145/322234.322243",
}

@inproceedings{andrew2007scalable,
  title={Scalable training of {L1}-regularized log-linear models},
  author={Andrew, Galen and Gao, Jianfeng},
  booktitle={Proceedings of the 24th ICML},
  year={2007},
}

@book{Gusfield:97,
    author  = {Dan Gusfield},
    title   = {Algorithms on Strings, Trees and Sequences},
    year    = "1997",
    publisher = {Cambridge University Press},
    address = {Cambridge, UK}
}

@inproceedings{borsch2011,
	Address = {Canberra, Australia},
	Author = {Benjamin Borschinger and Mark Johnson},
	Booktitle = {Proceedings of ALTA Workshop 2011},
	Month = {December},
	Title = {A Particle Filter algorithm for {B}ayesian Wordsegmentation},
	Year = {2011}}

@article{rasooli-tetrault-2015,
    author    = {Mohammad Sadegh Rasooli and Joel R. Tetreault},
    title     = {Yara Parser: {A} Fast and Accurate Dependency Parser},
    journal   = {CoRR},
    volume    = {arXiv:1503.06733},
    year      = {2015},
    url       = {http://arxiv.org/abs/1503.06733},
    note    = {version 2}
}

@article{Ando2005,
	Acmid = {1194905},
	Author = {Ando, Rie Kubota and Zhang, Tong},
	Issn = {1532-4435},
	Issue_Date = {12/1/2005},
	Journal = {JMLR},
	Month = dec,
	Numpages = {37},
	Publisher = {JMLR.org},
	Title = {A Framework for Learning Predictive Structures from Multiple Tasks and Unlabeled Data},
	Volume = {6},
	Year = {2005}}

@InProceedings{P16-1001,
  author =	"Goodman, James
  	 and Vlachos, Andreas
	     and Naradowsky, Jason",
  title =    "Noise reduction and targeted exploration in imitation learning for abstract meaning representation parsing",
  booktitle = 	    "ACL",
  year =    "2016"
}

@InProceedings{C14-1001,
  author =	"Harper, Mary",
  title = 	"Learning from 26 Languages: Program Management and Science in the Babel Program",
  booktitle = 	"COLING",
  year =    "2014"
}
@inproceedings{meehan1977tale,
  title={TALE-SPIN, An Interactive Program that Writes Stories.},
  author={Meehan, James R},
  booktitle={IJCAI},
  year={1977}
}

@article{chambers2008unsupervised,
  title={Unsupervised learning of narrative event chains},
  author={Chambers, Nathanael and Jurafsky, Dan},
  journal={ACL},
  year={2008}
}

@inproceedings{mostafazadeh2016corpus,
  title={A Corpus and Cloze Evaluation for Deeper Understanding of Commonsense Stories},
  author={Mostafazadeh, Nasrin and Chambers, Nathanael and He, Xiaodong and Parikh, Devi and Batra, Dhruv and Vanderwende, Lucy and Kohli, Pushmeet and Allen, James},
  booktitle={NAACL},
  year={2016}
}

@article{mostafazadeh2016story,
  title={Story Cloze Evaluator: Vector Space Representation Evaluation by Predicting What Happens Next},
  author={Mostafazadeh, Nasrin and Vanderwende, Lucy and Yih, Wen-tau and Kohli, Pushmeet and Allen, James},
  journal={ACL},
  year={2016}
}

@inproceedings{bugert2017lsdsem,
  title={{LSDSem} 2017: Exploring data generation methods for the story cloze test},
  author={Bugert, Michael and Puzikov, Yevgeniy and R{\"u}ckl{\'e}, Andreas and Eckle-Kohler, Judith and Martin, Teresa and Mart{\'\i}nez-C{\'a}mara, Eugenio and Sorokin, Daniil and Peyrard, Maxime and Gurevych, Iryna},
  booktitle={LSDSem},
  year={2017}
}

@inproceedings{cai2017pay,
  title={Pay attention to the ending: Strong neural baselines for the roc story cloze task},
  author={Cai, Zheng and Tu, Lifu and Gimpel, Kevin},
  booktitle={ACL},
  year={2017}
}

@inproceedings{wang2017conditional,
  title={Conditional Generative Adversarial Networks for Commonsense Machine Comprehension.},
  author={Wang, Bingning and Liu, Kang and Zhao, Jun},
  booktitle={IJCAI},
  year={2017}
}

@inproceedings{roemmele2017rnn,
  title={An rnn-based binary classifier for the story cloze test},
  author={Roemmele, Melissa and Kobayashi, Sosuke and Inoue, Naoya and Gordon, Andrew},
  booktitle={LSDSem},
  year={2017}
}

@article{chen2018incorporating,
  author    = {Jiaao Chen and
               Jianshu Chen and
               Zhou Yu},
  title     = {Incorporating Structured Commonsense Knowledge in Story Completion},
  journal   = {CoRR},
  year      = {2018}
}

@inproceedings{speer2017conceptnet,
  title={Conceptnet 5.5: An open multilingual graph of general knowledge},
  author={Speer, Robert and Chin, Joshua and Havasi, Catherine},
  booktitle={AAAI},
  year={2017}
}


@article{loper2002nltk,
  title={NLTK: the natural language toolkit},
  author={Loper, Edward and Bird, Steven},
  journal={arXiv preprint cs/0205028},
  year={2002}
}

@inproceedings{mihaylov2017story,
  title={Story Cloze Ending Selection Baselines and Data Examination},
  author={Mihaylov, Todor and Frank, Anette},
  booktitle={LSDSem},
  year={2017}
}

@inproceedings{liu2018knowledge,
  title={Knowledge diffusion for neural dialogue generation},
  author={Liu, Shuman and Chen, Hongshen and Ren, Zhaochun and Feng, Yang and Liu, Qun and Yin, Dawei},
  booktitle={ACL},
  year={2018}
}

@article{zhou2019story,
author = {Zhou, Mantong and Huang, Minlie and Zhu, Xiaoyan},
year = {2019},
month = {01},
title = {Story Ending Selection by Finding Hints from Pairwise Candidate Endings},
journal = {IEEE/ACM TASLP},
}

@inproceedings{kiros2015skip,
  title={Skip-thought vectors},
  author={Kiros, Ryan and Zhu, Yukun and Salakhutdinov, Ruslan R and Zemel, Richard and Urtasun, Raquel and Torralba, Antonio and Fidler, Sanja},
  booktitle={NIPS},
  year={2015}
}

@article{rajpurkar2018know,
  title={Know What You Don't Know: Unanswerable Questions for SQuAD},
  author={Rajpurkar, Pranav and Jia, Robin and Liang, Percy},
  journal={arXiv preprint arXiv:1806.03822},
  year={2018}
}

@inproceedings{hermann2015teaching,
  title={Teaching machines to read and comprehend},
  author={Hermann, Karl Moritz and Kocisky, Tomas and Grefenstette, Edward and Espeholt, Lasse and Kay, Will and Suleyman, Mustafa and Blunsom, Phil},
  booktitle={NIPS},
  year={2015}
}

@inproceedings{schwartz2017story,
  title={Story cloze task: Uw nlp system},
  author={Schwartz, Roy and Sap, Maarten and Konstas, Ioannis and Zilles, Leila and Choi, Yejin and Smith, Noah A},
  booktitle={LSDSem},
  year={2017}
}

@inproceedings{chaturvedi2017story,
  title={Story comprehension for predicting what happens next},
  author={Chaturvedi, Snigdha and Peng, Haoruo and Roth, Dan},
  booktitle={EMNLP},
  year={2017}
}


@inproceedings{manning2014stanford,
  title={The Stanford CoreNLP natural language processing toolkit},
  author={Manning, Christopher and Surdeanu, Mihai and Bauer, John and Finkel, Jenny and Bethard, Steven and McClosky, David},
  booktitle={ACL},
  year={2014}
}

@inproceedings{sharma2018tackling,
  author    = {Rishi Sharma and
               James Allen and
               Omid Bakhshandeh and
               Nasrin Mostafazadeh},
  title     = {Tackling the Story Ending Biases in The Story Cloze Test},
  booktitle = {ACL},
  year      = {2018},
 }
@inproceedings{srinivasan2018simple,
  author    = {Siddarth Srinivasan and
               Richa Arora and
               Mark Riedl},
  title     = {A Simple and Effective Approach to the Story Cloze Test},
  booktitle = {ACL},
  year      = {2018},
}

@techreport{radford2018improving,
  title={Improving language understanding with unsupervised learning},
  author={Radford, Alec and Narasimhan, Karthik and Salimans, Time and Sutskever, Ilya},
  year={2018},
  institution={Technical report, OpenAI}
}

@inproceedings{li2018multi,
  author    = {Qian Li and
               Ziwei Li and
               Jin{-}Mao Wei and
               Yanhui Gu and
               Adam Jatowt and
               Zhenglu Yang},
  title     = {A Multi-Attention based Neural Network with External Knowledge for
               Story Ending Predicting Task},
  booktitle = {COLING},
  year      = {2018}
  }

@inproceedings{huang2013learning,
  title={Learning deep structured semantic models for web search using clickthrough data},
  author={Huang, Po-Sen and He, Xiaodong and Gao, Jianfeng and Deng, Li and Acero, Alex and Heck, Larry},
  booktitle={CIKM},
  year={2013},
}

@inproceedings{mikolov2013distributed,
  title={Distributed representations of words and phrases and their compositionality},
  author={Mikolov, Tomas and Sutskever, Ilya and Chen, Kai and Corrado, Greg S and Dean, Jeff},
  booktitle={NIPS},
  year={2013}
}

@article{guan2018story,
  title={Story ending generation with incremental encoding and commonsense knowledge},
  author={Guan, Jian and Wang, Yansen and Huang, Minlie},
  journal={arXiv preprint arXiv:1808.10113},
  year={2018}
}



@inproceedings{event,
  author    = {Hongyu Lin and
               Le Sun and
               Xianpei Han},
  title     = {Reasoning with Heterogeneous Knowledge for Commonsense Machine Comprehension},
  booktitle = {EMNLP},
  year      = {2017},
}

@inproceedings{ferraro2016unified,
  title={A unified Bayesian model of scripts, frames and language},
  author={Ferraro, Francis and Van Durme, Benjamin},
  booktitle={AAAI 2016},
  year={2016}
}

@article{prince1987dictionary,
  title={A Dictionary of Narratology. Lincoln},
  author={Prince, Gerald},
  journal={U of Nebraska P},
  year={1987}
}

@inproceedings{orr2014learning,
  title={Learning scripts as hidden markov models},
  author={Orr, John Walker and Tadepalli, Prasad and Doppa, Janardhan Rao and Fern, Xiaoli and Dietterich, Thomas G},
  booktitle={AAAI 2014},
  year={2014}
}

@inproceedings{pichotta2016learning,
  title={Learning statistical scripts with LSTM recurrent neural networks},
  author={Pichotta, Karl and Mooney, Raymond J},
  booktitle={AAAI},
  year={2016}
}

@inproceedings{peng2017joint,
  title={A joint model for semantic sequences: Frames, entities, sentiments},
  author={Peng, Haoruo and Chaturvedi, Snigdha and Roth, Dan},
  booktitle={CoNLL},
  year={2017}
}

@article{devlin2018bert,
  title={Bert: Pre-training of deep bidirectional transformers for language understanding},
  author={Devlin, Jacob and Chang, Ming-Wei and Lee, Kenton and Toutanova, Kristina},
  journal={arXiv preprint arXiv:1810.04805},
  year={2018}
}

@inproceedings{zhu2015aligning,
  title={Aligning books and movies: Towards story-like visual explanations by watching movies and reading books},
  author={Zhu, Yukun and Kiros, Ryan and Zemel, Rich and Salakhutdinov, Ruslan and Urtasun, Raquel and Torralba, Antonio and Fidler, Sanja},
  booktitle={ICCV},
  year={2015}
}

@inproceedings{ostermann2018mcscript,
  title={MCScript: A Novel Dataset for Assessing Machine Comprehension Using Script Knowledge},
  author={Ostermann, Simon and Modi, Ashutosh and Roth, Michael and Thater, Stefan and Pinkal, Manfred},
  booktitle={LREC},
  year={2018}
}

@book{schank2013scripts,
  title={Scripts, plans, goals, and understanding: An inquiry into human knowledge structures},
  author={Schank, Roger C and Abelson, Robert P},
  year={2013},
}

@inproceedings{chambers2008jointly,
  title={Jointly combining implicit constraints improves temporal ordering},
  author={Chambers, Nathanael and Jurafsky, Dan},
  booktitle={Proceedings of EMNLP},
  year={2008},
}

@inproceedings{chambers2009unsupervised,
  title={Unsupervised learning of narrative schemas and their participants},
  author={Chambers, Nathanael and Jurafsky, Dan},
  booktitle={ACL-IJCNLP},
  year={2009}
}

@inproceedings{regneri2011learning,
  title={Learning script participants from unlabeled data},
  author={Regneri, Michaela and Koller, Alexander and Ruppenhofer, Josef and Pinkal, Manfred},
  booktitle={RANLP},
  year={2011}
}

@inproceedings{lin2017reasoning,
  title={Reasoning with heterogeneous knowledge for commonsense machine comprehension},
  author={Lin, Hongyu and Sun, Le and Han, Xianpei},
  booktitle={EMNLP},
  year={2017}
}

@inproceedings{chambers2011template,
  title={Template-based information extraction without the templates},
  author={Chambers, Nathanael and Jurafsky, Dan},
  booktitle={HLT},
  year={2011}
}

@inproceedings{balasubramanian2013generating,
  title={Generating coherent event schemas at scale},
  author={Balasubramanian, Niranjan and Soderland, Stephen and Etzioni, Oren and others},
  booktitle={EMNLP},
  
  year={2013}
}

@inproceedings{sha2016joint,
  title={Joint Learning Templates and Slots for Event Schema Induction},
  author={Sha, Lei and Li, Sujian and Chang, Baobao and Sui, Zhifang},
  booktitle={Proceedings of NAACL-HLT},
  year={2016}
}

@inproceedings{huang2016liberal,
  title={Liberal event extraction and event schema induction},
  author={Huang, Lifu and Cassidy, Taylor and Feng, Xiaocheng and Ji, Heng and Voss, Clare R and Han, Jiawei and Sil, Avirup},
  booktitle={ACL},
  year={2016}
}

@article{pichotta2014statistical,
  title={Statistical Script Learning with Multi-Argument Events},
  author={Pichotta, Karl and Mooney, Raymond J},
  journal={EACL},
  year={2014}
}


@article{pichotta2016statistical,
  title={Statistical Script Learning with Recurrent Neural Networks},
  author={Pichotta, Karl and Mooney, Raymond J},
  journal={EMNLP},
  year={2016}
}

@inproceedings{hu2017happens,
  title={What happens next? Future subevent prediction using contextual hierarchical LSTM},
  author={Hu, Linmei and Li, Juanzi and Nie, Liqiang and Li, Xiao-Li and Shao, Chao},
  booktitle={AAAI},
  year={2017}
}

@inproceedings{rudinger2015script,
  title={Script induction as language modeling},
  author={Rudinger, Rachel and Rastogi, Pushpendre and Ferraro, Francis and Van Durme, Benjamin},
  booktitle={EMNLP},
  year={2015}
}

@inproceedings{mihaylov2018knowledgeable,
  author    = {Todor Mihaylov and
               Anette Frank},
  title     = {Knowledgeable Reader: Enhancing Cloze-Style Reading Comprehension
               with External Commonsense Knowledge},
  booktitle = {ACL},
  year      = {2018}
}

@inproceedings{mooney1985learning,
  author    = {Raymond J. Mooney and
               Gerald DeJong},
  title     = {Learning Schemata for Natural Language Processing},
  booktitle = {IJCAI},
  year      = {1985}
  
}

@inproceedings{vaswani2017attention,
  title={Attention is all you need},
  author={Vaswani, Ashish and Shazeer, Noam and Parmar, Niki and Uszkoreit, Jakob and Jones, Llion and Gomez, Aidan N and Kaiser, {\L}ukasz and Polosukhin, Illia},
  booktitle={NIPS},
  year={2017}
}

@inproceedings{peng2016two,
  author    = {Haoruo Peng and
               Dan Roth},
  title     = {Two Discourse Driven Language Models for Semantics},
  booktitle = {ACL},
  year      = {2016}
}

@article{li2019story,
  title={Story Ending Prediction by Transferable BERT},
  author={Li, Zhongyang and Ding, Xiao and Liu, Ting},
  journal={arXiv preprint arXiv:1905.07504},
  year={2019}
}

@inproceedings{pichotta2016using,
  author    = {Karl Pichotta and
               Raymond J. Mooney},
  title     = {Using Sentence-Level {LSTM} Language Models for Script Inference},
  booktitle = {ACL},
  year      = {2016}
  }
  
  @article{hochreiter1997long,
  title={Long short-term memory},
  author={Hochreiter, Sepp and Schmidhuber, J{\"u}rgen},
  journal={Neural computation},
  year={1997},
  publisher={MIT Press}
}


@article{habernal2017argument,
  title={The argument reasoning comprehension task},
  author={Habernal, Ivan and Wachsmuth, Henning and Gurevych, Iryna and Stein, Benno},
  journal={arXiv preprint arXiv:1708.01425},
  year={2017}
}
  
  @inproceedings{speer2017conceptnet2,
  author    = {Robert Speer and
               Joanna Lowry{-}Duda},
  title     = {ConceptNet at SemEval-2017 Task 2: Extending Word Embeddings with
               Multilingual Relational Knowledge},
  booktitle = {SemEval@ACL},
  year      = {2017}}
  
  @inproceedings{modi2014inducing,
  title={Inducing neural models of script knowledge},
  author={Modi, Ashutosh and Titov, Ivan},
  booktitle={CoNLL},
  year={2014}
}

@inproceedings{regneri-etal-2010-learning,
    title = "Learning Script Knowledge with Web Experiments",
    author = "Regneri, Michaela  and
      Koller, Alexander  and
      Pinkal, Manfred",
    booktitle = "ACL",
    year = "2010"
}

@inproceedings{modi2016event,
  title={Event embeddings for semantic script modeling},
  author={Modi, Ashutosh},
  booktitle={CoNLL},
  year={2016}
}

@inproceedings{gururangan2018annotation,
  title={Annotation Artifacts in Natural Language Inference Data},
  author={Gururangan, Suchin and Swayamdipta, Swabha and Levy, Omer and Schwartz, Roy and Bowman, Samuel and Smith, Noah A},
  booktitle={NAACL},
  year={2018}
}

@inproceedings{zellers2018swag,
  title={SWAG: A Large-Scale Adversarial Dataset for Grounded Commonsense Inference},
  author={Zellers, Rowan and Bisk, Yonatan and Schwartz, Roy and Choi, Yejin},
  booktitle={EMNLP},
  year={2018}
}

@inproceedings{clark2019don,
  title={Don’t Take the Easy Way Out: Ensemble Based Methods for Avoiding Known Dataset Biases},
  author={Clark, Christopher and Yatskar, Mark and Zettlemoyer, Luke},
  booktitle={EMNLP-IJCNLP},
  year={2019}
}

@inproceedings{zhao2018gender,
  title={Gender Bias in Coreference Resolution: Evaluation and Debiasing Methods},
  author={Zhao, Jieyu and Wang, Tianlu and Yatskar, Mark and Ordonez, Vicente and Chang, Kai-Wei},
  booktitle={NAACL},
  year={2018}
}

@inproceedings{schank1975scripts,
  title={Scripts, plans, and knowledge},
  author={Schank, Roger C and Abelson, Robert P},
  booktitle={IJCAI},
  year={1975}
}

@inproceedings{niven2019probing,
  title={Probing Neural Network Comprehension of Natural Language Arguments},
  author={Niven, Timothy and Kao, Hung-Yu},
  booktitle={ACL},
  year={2019}
}

@article{schuster2019towards,
  title={Towards debiasing fact verification models},
  author={Schuster, Tal and Shah, Darsh J and Yeo, Yun Jie Serene and Filizzola, Daniel and Santus, Enrico and Barzilay, Regina},
  journal={arXiv preprint arXiv:1908.05267},
  year={2019}
}
