% Use this file for citations not found in the ACL Anthology (contained in "anthology.bib").
@book{beck1996beck,
 author = {Beck, Aaron T and Steer, Robert A and Brown, Gregory K},
 publisher = {Pearson},
 title = {Beck depression inventory (BDI-II)},
 year = {1996}
}

@inproceedings{yao-etal-2022-d4,
    title = "D4: a {C}hinese Dialogue Dataset for Depression-Diagnosis-Oriented Chat",
    author = "Yao, Binwei  and
      Shi, Chao  and
      Zou, Likai  and
      Dai, Lingfeng  and
      Wu, Mengyue  and
      Chen, Lu  and
      Wang, Zhen  and
      Yu, Kai",
    booktitle = "Proceedings of the 2022 Conference on Empirical Methods in Natural Language Processing",
    month = dec,
    year = "2022",
    address = "Abu Dhabi, United Arab Emirates",
    publisher = "Association for Computational Linguistics",
    url = "https://aclanthology.org/2022.emnlp-main.156",
    pages = "2438--2459",
}

@inproceedings{ji-etal-2022-mentalbert,
    title = "{M}ental{BERT}: Publicly Available Pretrained Language Models for Mental Healthcare",
    author = "Ji, Shaoxiong  and
      Zhang, Tianlin  and
      Ansari, Luna  and
      Fu, Jie  and
      Tiwari, Prayag  and
      Cambria, Erik",
    booktitle = "Proceedings of the Thirteenth Language Resources and Evaluation Conference",
    month = jun,
    year = "2022",
    address = "Marseille, France",
    publisher = "European Language Resources Association",
    url = "https://aclanthology.org/2022.lrec-1.778",
    pages = "7184--7190",
}

@article{Torous2021growing,
author = {Torous, John and Bucci, Sandra and Bell, Imogen H. and Kessing, Lars V. and Faurholt-Jepsen, Maria and Whelan, Pauline and Carvalho, Andre F. and Keshavan, Matcheri and Linardon, Jake and Firth, Joseph},
title = {The growing field of digital psychiatry: current evidence and the future of apps, social media, chatbots, and virtual reality},
journal = {World Psychiatry},
volume = {20},
number = {3},
pages = {318-335},
keywords = {mHealth, digital health, psychiatry, mental health, smartphone apps, virtual reality, social media, chatbots, digital phenotyping, implementation},
doi = {https://doi.org/10.1002/wps.20883},
url = {https://onlinelibrary.wiley.com/doi/abs/10.1002/wps.20883},
eprint = {https://onlinelibrary.wiley.com/doi/pdf/10.1002/wps.20883},
year = {2021}
}

@inproceedings{Jaiswal2019Virtual,
author = {Jaiswal, Shashank and Valstar, Michel and Kusumam, Keerthy and Greenhalgh, Chris},
title = {Virtual Human Questionnaire for Analysis of Depression, Anxiety and Personality},
year = {2019},
isbn = {9781450366724},
publisher = {Association for Computing Machinery},
address = {New York, NY, USA},
url = {https://doi.org/10.1145/3308532.3329469},
doi = {10.1145/3308532.3329469},
booktitle = {Proceedings of the 19th ACM International Conference on Intelligent Virtual Agents},
pages = {81–87},
numpages = {7},
keywords = {anxiety, phq-9, intelligent virtual agent, depression, bfi-10, personality, gad-7},
location = {Paris, France},
series = {IVA '19}
}


@misc{wei2023leveraging,
      title={Leveraging Large Language Models to Power Chatbots for Collecting User Self-Reported Data}, 
      author={Jing Wei and Sungdong Kim and Hyunhoon Jung and Young-Ho Kim},
      year={2023},
      eprint={2301.05843},
      archivePrefix={arXiv},
      primaryClass={cs.HC}
}

@article{shao2021cpt,
  title={{CPT}: A Pre-Trained Unbalanced Transformer for Both Chinese Language Understanding and Generation}, 
  author={Yunfan Shao and Zhichao Geng and Yitao Liu and Junqi Dai and Fei Yang and Li Zhe and Hujun Bao and Xipeng Qiu},
  journal={arXiv preprint arXiv:2109.05729},
  year={2021}
}

@article{Pan2023APE,
  title={A Preliminary Evaluation of ChatGPT for Zero-shot Dialogue Understanding},
  author={Wenbo Pan and Qiguang Chen and Xiao Xu and Wanxiang Che and Libo Qin},
  journal={ArXiv},
  year={2023},
  volume={abs/2304.04256}
}

@misc{lamichhane2023evaluation,
      title={Evaluation of ChatGPT for NLP-based Mental Health Applications}, 
      author={Bishal Lamichhane},
      year={2023},
      eprint={2303.15727},
      archivePrefix={arXiv},
      primaryClass={cs.CL}
}

@misc{yang2023evaluations,
      title={On the Evaluations of ChatGPT and Emotion-enhanced Prompting for Mental Health Analysis}, 
      author={Kailai Yang and Shaoxiong Ji and Tianlin Zhang and Qianqian Xie and Sophia Ananiadou},
      year={2023},
      eprint={2304.03347},
      archivePrefix={arXiv},
      primaryClass={cs.CL}
}

@misc{zhao2023chatgpt,
      title={Is ChatGPT Equipped with Emotional Dialogue Capabilities?}, 
      author={Weixiang Zhao and Yanyan Zhao and Xin Lu and Shilong Wang and Yanpeng Tong and Bing Qin},
      year={2023},
      eprint={2304.09582},
      archivePrefix={arXiv},
      primaryClass={cs.CL}
}

@inproceedings{Medeiros2018UsingCF,
  title={Using Crowdsourcing for the Development of Online Emotional Support Agents},
  author={Lenin Medeiros and Tibor Bosse},
  booktitle={Practical Applications of Agents and Multi-Agent Systems},
  year={2018}
}

@article{pacheco2021Smart,
author = {Pacheco-Lorenzo, Mois\'{e}s R. and Valladares-Rodr\'{\i}guez, Sonia M. and Anido-Rif\'{o}n, Luis E. and Fern\'{a}ndez-Iglesias, Manuel J.},
title = {Smart Conversational Agents for the Detection of Neuropsychiatric Disorders: A Systematic Review},
year = {2021},
issue_date = {Jan 2021},
publisher = {Elsevier Science},
address = {San Diego, CA, USA},
volume = {113},
number = {C},
issn = {1532-0464},
url = {https://doi.org/10.1016/j.jbi.2020.103632},
doi = {10.1016/j.jbi.2020.103632},
journal = {J. of Biomedical Informatics},
month = {jan},
numpages = {14},
}

@book{american2013diagnostic,
  title={Diagnostic and statistical manual of mental disorders: DSM-5},
  author={{APA}, {DS} and American Psychiatric Association and others},
  volume={5},
  year={2013},
  publisher={American psychiatric association Washington, DC},
  doi = {https://doi.org/10.1176/appi.books.9780890425596}
}

@article{Lin2021Graph, 
    title={Graph-Evolving Meta-Learning for Low-Resource Medical Dialogue Generation}, 
    volume={35}, url={https://ojs.aaai.org/index.php/AAAI/article/view/17577}, 
    DOI={10.1609/aaai.v35i15.17577},  
    number={15}, 
    journal={Proceedings of the AAAI Conference on Artificial Intelligence}, 
    author={Lin, Shuai and Zhou, Pan and Liang, Xiaodan and Tang, Jianheng and Zhao, Ruihui and Chen, Ziliang and Lin, Liang}, 
    year={2021}, 
    month={May}, 
    pages={13362-13370} 
}

@article {Salaheddine2016Identify,
	author = {Keziban Salaheddin and Barbara Mason},
	title = {Identifying barriers to mental health help-seeking among young adults in the UK: a cross-sectional survey},
	volume = {66},
	number = {651},
	pages = {e686--e692},
	year = {2016},
	doi = {10.3399/bjgp16X687313},
	publisher = {Royal College of General Practitioners},
	issn = {0960-1643},
	URL = {https://bjgp.org/content/66/651/e686},
	eprint = {https://bjgp.org/content/66/651/e686.full.pdf},
	journal = {British Journal of General Practice}
}

@article{mccabe2008Communication, 
    title={Communication and psychosis: It's good to talk, but how?}, 
    volume={192}, DOI={10.1192/bjp.bp.107.048678}, number={6}, 
    journal={The British Journal of Psychiatry}, 
    publisher={Cambridge University Press}, 
    author={McCabe, Rose and Priebe, Stefan}, 
    year={2008}, 
    pages={404–405}
}

@inproceedings{Xu2019End,
author = {Xu, Lin and Zhou, Qixian and Gong, Ke and Liang, Xiaodan and Tang, Jianheng and Lin, Liang},
title = {End-to-End Knowledge-Routed Relational Dialogue System for Automatic Diagnosis},
year = {2019},
isbn = {978-1-57735-809-1},
publisher = {AAAI Press},
url = {https://doi.org/10.1609/aaai.v33i01.33017346},
doi = {10.1609/aaai.v33i01.33017346},
booktitle = {Proceedings of the Thirty-Third AAAI Conference on Artificial Intelligence and Thirty-First Innovative Applications of Artificial Intelligence Conference and Ninth AAAI Symposium on Educational Advances in Artificial Intelligence},
articleno = {902},
numpages = {8},
location = {Honolulu, Hawaii, USA},
series = {AAAI'19/IAAI'19/EAAI'19}
}

@inproceedings{wei2018task,
    title = "Task-oriented Dialogue System for Automatic Diagnosis",
    author = "Wei, Zhongyu  and
      Liu, Qianlong  and
      Peng, Baolin  and
      Tou, Huaixiao  and
      Chen, Ting  and
      Huang, Xuanjing  and
      Wong, Kam-fai  and
      Dai, Xiangying",
    booktitle = "Proceedings of the 56th Annual Meeting of the Association for Computational Linguistics (Volume 2: Short Papers)",
    month = jul,
    year = "2018",
    address = "Melbourne, Australia",
    publisher = "Association for Computational Linguistics",
    url = "https://aclanthology.org/P18-2033",
    doi = "10.18653/v1/P18-2033",
    pages = "201--207",
}

@inproceedings{Fansi2022DDXPlus,
 author = {Fansi Tchango, Arsene and Goel, Rishab and Wen, Zhi and Martel, Julien and Ghosn, Joumana},
 booktitle = {Advances in Neural Information Processing Systems},
 editor = {S. Koyejo and S. Mohamed and A. Agarwal and D. Belgrave and K. Cho and A. Oh},
 pages = {31306--31318},
 publisher = {Curran Associates, Inc.},
 title = {DDXPlus: A New Dataset For Automatic Medical Diagnosis},
 url = {https://proceedings.neurips.cc/paper_files/paper/2022/file/cae73a974390c0edd95ae7aeae09139c-Paper-Datasets_and_Benchmarks.pdf},
 volume = {35},
 year = {2022}
}

@inproceedings{liu2021towards,
    title = "Towards Emotional Support Dialog Systems",
    author = "Liu, Siyang  and
      Zheng, Chujie  and
      Demasi, Orianna  and
      Sabour, Sahand  and
      Li, Yu  and
      Yu, Zhou  and
      Jiang, Yong  and
      Huang, Minlie",
    booktitle = "Proceedings of the 59th Annual Meeting of the Association for Computational Linguistics and the 11th International Joint Conference on Natural Language Processing (Volume 1: Long Papers)",
    month = aug,
    year = "2021",
    address = "Online",
    publisher = "Association for Computational Linguistics",
    url = "https://aclanthology.org/2021.acl-long.269",
    doi = "10.18653/v1/2021.acl-long.269",
    pages = "3469--3483",
}

@article{Duppuy2020Guidelines,
author = {Dupuy, Lucile and de Sevin, Etienne and Cassoudesalle, Hélène and Ballot, Orlane and Dehail, P. and Aouizerate, Bruno and Cuny, Emmanuel and Micoulaud Franchi, Jean-Arthur and Philip, Pierre},
year = {2020},
month = {07},
pages = {},
title = {Guidelines for the design of a virtual patient for psychiatric interview training},
volume = {15},
journal = {Journal on Multimodal User Interfaces},
doi = {10.1007/s12193-020-00338-8}
}

@article{Chaby2022Embodied,
author = {Chaby, Laurence and Benamara, Amine and Pino, Maribel and Prigent, Elise and Ravenet, Brian and Martin, Jean-Claude and Helene, Vanderstichel and Becerril-Ortega, Raquel and Rigaud, Anne-Sophie and Chetouani, Mohamed},
year = {2022},
month = {06},
pages = {},
title = {Embodied Virtual Patients as a Simulation-Based Framework for Training Clinician-Patient Communication Skills: An Overview of Their Use in Psychiatric and Geriatric Care},
doi = {10.3389/frvir.2022.827312}
}

@article{kroenke2001phq,
 author = {Kroenke, Kurt and Spitzer, Robert L and Williams, Janet BW},
 journal = {Journal of general internal medicine},
 title = {The PHQ-9: validity of a brief depression severity measure},
 year = {2001}
}

@inproceedings{tseng2021transferable,
    title = "Transferable Dialogue Systems and User Simulators",
    author = "Tseng, Bo-Hsiang  and
      Dai, Yinpei  and
      Kreyssig, Florian  and
      Byrne, Bill",
    booktitle = "Proceedings of the 59th Annual Meeting of the Association for Computational Linguistics and the 11th International Joint Conference on Natural Language Processing (Volume 1: Long Papers)",
    month = aug,
    year = "2021",
    address = "Online",
    publisher = "Association for Computational Linguistics",
    url = "https://aclanthology.org/2021.acl-long.13",
    doi = "10.18653/v1/2021.acl-long.13",
    pages = "152--166",
}

@article{Llanos2021Lessons,
author = {Campillos-Llanos, Leonardo and Thomas, Catherine and Bilinski, Eric and Neuraz, Antoine and Rosset, Sophie and Zweigenbaum, Pierre},
year = {2021},
month = {07},
pages = {},
title = {Lessons Learned from the Usability Evaluation of a Simulated Patient Dialogue System},
volume = {45},
journal = {Journal of Medical Systems},
doi = {10.1007/s10916-021-01737-4}
}

@article {Gillette2017Cost,
	author = {Chris Gillette and Robert B. Stanton and Nicole Rockich-Winston and Michael Rudolph and H. Glenn Anderson, Jr.},
	title = {Cost-Effectiveness of Using Standardized Patients to Assess Student-Pharmacist Communication Skills},
	volume = {81},
	number = {10},
	elocation-id = {6120},
	year = {2017},
	doi = {10.5688/ajpe6120},
	publisher = {American Journal of Pharmaceutical Education},
	issn = {0002-9459},
	URL = {https://www.ajpe.org/content/81/10/6120},
	eprint = {https://www.ajpe.org/content/81/10/6120.full.pdf},
	journal = {American Journal of Pharmaceutical Education}
}

@inproceedings{Yao2020Toward,
author = {Yao, Heng and de Siqueira, Alexandre Gomes and Foster, Adriana and Galynker, Igor and Lok, Benjamin},
title = {Toward Automated Evaluation of Empathetic Responses in Virtual Human Interaction Systems for Mental Health Scenarios},
year = {2020},
isbn = {9781450375863},
publisher = {Association for Computing Machinery},
address = {New York, NY, USA},
url = {https://doi.org/10.1145/3383652.3423916},
doi = {10.1145/3383652.3423916},
booktitle = {Proceedings of the 20th ACM International Conference on Intelligent Virtual Agents},
articleno = {57},
numpages = {8},
keywords = {suicidal virtual patient, empathetic response, automated evaluation},
location = {Virtual Event, Scotland, UK},
series = {IVA '20}
}

@article{Yun2021BehavioralAN,
  title={Behavioral and neural evidence on consumer responses to human doctors and medical artificial intelligence},
  author={Jin Ho Yun and Eun-Ju Lee and Dong Hyun Kim},
  journal={Psychology \& Marketing},
  year={2021},
  volume={38},
  pages={610-625}
}

@article{Yue2023Beyond,
author = {You, Yue and Tsai, Chun-Hua and Li, Yao and Ma, Fenglong and Heron, Christopher and Gui, Xinning},
title = {Beyond Self-Diagnosis: How a Chatbot-Based Symptom Checker Should Respond},
year = {2023},
publisher = {Association for Computing Machinery},
address = {New York, NY, USA},
issn = {1073-0516},
url = {https://doi.org/10.1145/3589959},
doi = {10.1145/3589959},
note = {Just Accepted},
journal = {ACM Trans. Comput.-Hum. Interact.},
month = {mar},
keywords = {Chatbots, Conversation design, Symptom checkers, Consumer-facing health technology}
}

@article{Grove2021Codevelop,
author = {Grové, Christine},
year = {2021},
month = {02},
pages = {},
title = {Co-developing a Mental Health and Wellbeing Chatbot With and for Young People},
volume = {11},
journal = {Frontiers in Psychiatry},
doi = {10.3389/fpsyt.2020.606041}
}

@article{Fadhil2019AssistiveCA,
  title={Assistive Conversational Agent for Health Coaching: A Validation Study},
  author={Ahmed Fadhil and Yunlong Wang and Harald Reiterer},
  journal={Methods of Information in Medicine},
  year={2019},
  volume={58},
  pages={009 - 023}
}

@inproceedings{bao-etal-2021-plato,
    title = "{PLATO-2}: Towards Building an Open-Domain Chatbot via Curriculum Learning",
    author = "Bao, Siqi  and
      He, Huang  and
      Wang, Fan  and
      Wu, Hua  and
      Wang, Haifeng  and
      Wu, Wenquan  and
      Guo, Zhen  and
      Liu, Zhibin  and
      Xu, Xinchao",
    editor = "Zong, Chengqing  and
      Xia, Fei  and
      Li, Wenjie  and
      Navigli, Roberto",
    booktitle = "Findings of the Association for Computational Linguistics: ACL-IJCNLP 2021",
    month = aug,
    year = "2021",
    address = "Online",
    publisher = "Association for Computational Linguistics",
    url = "https://aclanthology.org/2021.findings-acl.222",
    doi = "10.18653/v1/2021.findings-acl.222",
    pages = "2513--2525",
}

@inproceedings{Zhang2022SymptomIF,
  title     = {Symptom Identification for Interpretable Detection of Multiple Mental Disorders on Social Media},
  author    = {Zhang, Zhiling and Chen, Siyuan and Wu, Mengyue and Zhu, Kenny Q.},
  booktitle = {Proceedings of the 2022 Conference on Empirical Methods in Natural Language Processing},
  publisher = {Association for Computational Linguistics},
  pages     = {9970–9985},
  year      = {2022},
  url       = {https://aclanthology.org/2022.emnlp-main.677},
}

@misc{qin2023read,
      title={Read, Diagnose and Chat: Towards Explainable and Interactive LLMs-Augmented Depression Detection in Social Media}, 
      author={Wei Qin and Zetong Chen and Lei Wang and Yunshi Lan and Weijieying Ren and Richang Hong},
      year={2023},
      eprint={2305.05138},
      archivePrefix={arXiv},
      primaryClass={cs.CL}
}

@inproceedings{sun-etal-2023-moraldial,
    title = "{M}oral{D}ial: A Framework to Train and Evaluate Moral Dialogue Systems via Moral Discussions",
    author = "Sun, Hao  and
      Zhang, Zhexin  and
      Mi, Fei  and
      Wang, Yasheng  and
      Liu, Wei  and
      Cui, Jianwei  and
      Wang, Bin  and
      Liu, Qun  and
      Huang, Minlie",
    editor = "Rogers, Anna  and
      Boyd-Graber, Jordan  and
      Okazaki, Naoaki",
    booktitle = "Proceedings of the 61st Annual Meeting of the Association for Computational Linguistics (Volume 1: Long Papers)",
    month = jul,
    year = "2023",
    address = "Toronto, Canada",
    publisher = "Association for Computational Linguistics",
    url = "https://aclanthology.org/2023.acl-long.123",
    doi = "10.18653/v1/2023.acl-long.123",
    pages = "2213--2230",
}

@inproceedings{Zhang2023GLM,
author = {Zhang, Jing and Zhang, Xiaokang and Zhang-Li, Daniel and Yu, Jifan and Yao, Zijun and Ma, Zeyao and Xu, Yiqi and Wang, Haohua and Zhang, Xiaohan and Lin, Nianyi and Lu, Sunrui and Li, Juanzi and Tang, Jie},
title = {GLM-Dialog: Noise-Tolerant Pre-Training for Knowledge-Grounded Dialogue Generation},
year = {2023},
isbn = {9798400701030},
publisher = {Association for Computing Machinery},
address = {New York, NY, USA},
url = {https://doi.org/10.1145/3580305.3599832},
doi = {10.1145/3580305.3599832},
booktitle = {Proceedings of the 29th ACM SIGKDD Conference on Knowledge Discovery and Data Mining},
pages = {5564–5575},
numpages = {12},
keywords = {dialogue system, dialogue evaluation, large language model},
location = {<conf-loc>, <city>Long Beach</city>, <state>CA</state>, <country>USA</country>, </conf-loc>},
series = {KDD '23}
}

@article{Sabour2022chatbots,
  title={A chatbot for mental health support: exploring the impact of Emohaa on reducing mental distress in China},
  author={Sahand Sabour and Wen Ting Zhang and Xiyao Xiao and Yuwei Zhang and Yinhe Zheng and Jiaxin Wen and Jialu Zhao and Minlie Huang},
  journal={Frontiers in Digital Health},
  year={2022},
  volume={5},
  url={https://api.semanticscholar.org/CorpusID:252407562}
}

@article{Gilardi2023ChatGPTOC,
  title={ChatGPT Outperforms Crowd-Workers for Text-Annotation Tasks},
  author={Fabrizio Gilardi and Meysam Alizadeh and Ma{\"e}l Kubli},
  journal={ArXiv},
  year={2023},
  volume={abs/2303.15056}
}

@inproceedings{deriu-etal-2020-spot,
    title = "Spot The Bot: A Robust and Efficient Framework for the Evaluation of Conversational Dialogue Systems",
    author = {Deriu, Jan  and
      Tuggener, Don  and
      von D{\"a}niken, Pius  and
      Campos, Jon Ander  and
      Rodrigo, Alvaro  and
      Belkacem, Thiziri  and
      Soroa, Aitor  and
      Agirre, Eneko  and
      Cieliebak, Mark},
    booktitle = "Proceedings of the 2020 Conference on Empirical Methods in Natural Language Processing (EMNLP)",
    month = nov,
    year = "2020",
    address = "Online",
    publisher = "Association for Computational Linguistics",
    url = "https://aclanthology.org/2020.emnlp-main.326",
    doi = "10.18653/v1/2020.emnlp-main.326",
    pages = "3971--3984",
}

@inproceedings{shi-etal-2019-build,
    title = "How to Build User Simulators to Train {RL}-based Dialog Systems",
    author = "Shi, Weiyan  and
      Qian, Kun  and
      Wang, Xuewei  and
      Yu, Zhou",
    editor = "Inui, Kentaro  and
      Jiang, Jing  and
      Ng, Vincent  and
      Wan, Xiaojun",
    booktitle = "Proceedings of the 2019 Conference on Empirical Methods in Natural Language Processing and the 9th International Joint Conference on Natural Language Processing (EMNLP-IJCNLP)",
    month = nov,
    year = "2019",
    address = "Hong Kong, China",
    publisher = "Association for Computational Linguistics",
    url = "https://aclanthology.org/D19-1206",
    doi = "10.18653/v1/D19-1206",
    pages = "1990--2000",
}