@inproceedings{OpiMinHuL04,
  author    = {Minqing Hu and
               Bing Liu},
  editor    = {Deborah L. McGuinness and
               George Ferguson},
  title     = {Mining Opinion Features in Customer Reviews},
  booktitle = {Proceedings of the Nineteenth National Conference on Artificial Intelligence,
               Sixteenth Conference on Innovative Applications of Artificial Intelligence,
               July 25-29, 2004, San Jose, California, {USA}},
  pages     = {755--760},
  publisher = {{AAAI} Press / The {MIT} Press},
  year      = {2004},
}

@article{rouge,
   author = {Lin, Chin-Yew},
   title = {ROUGE: a Package for Automatic Evaluation of Summaries},
   journal={Text Summarization Branches Out},
   year = {2004},
}

@inproceedings{basicOpiMin20,
  author    = {Nikita Bhutani and
               Aaron Traylor and
               Chen Chen and
               Xiaolan Wang and
               Behzad Golshan and
               Wang{-}Chiew Tan},
  editor    = {Dipanjan Das and
               Hannaneh Hajishirzi and
               Andrew McCallum and
               Sameer Singh},
  title     = {Sampo: Unsupervised Knowledge Base Construction for Opinions and Implications},
  booktitle = {Conference on Automated Knowledge Base Construction, {AKBC} 2020,
               Virtual, June 22-24, 2020},
  year      = {2020},
}

@inproceedings{OpiMinDaiS19,
  author    = {Hongliang Dai and
               Yangqiu Song},
  editor    = {Anna Korhonen and
               David R. Traum and
               Llu{\'{\i}}s M{\`{a}}rquez},
  title     = {Neural Aspect and Opinion Term Extraction with Mined Rules as Weak
               Supervision},
  booktitle = {Proceedings of the 57th Conference of the Association for Computational
               Linguistics, {ACL} 2019, Florence, Italy, July 28- August 2, 2019,
               Volume 1: Long Papers},
  pages     = {5268--5277},
  publisher = {Association for Computational Linguistics},
  year      = {2019},
}

@inproceedings{Denoise20,
  author    = {Reinald Kim Amplayo and
               Mirella Lapata},
  editor    = {Dan Jurafsky and
               Joyce Chai and
               Natalie Schluter and
               Joel R. Tetreault},
  title     = {Unsupervised Opinion Summarization with Noising and Denoising},
  booktitle = {Proceedings of the 58th Annual Meeting of the Association for Computational
               Linguistics, {ACL} 2020, Online, July 5-10, 2020},
  pages     = {1934--1945},
  publisher = {Association for Computational Linguistics},
  year      = {2020},
}

@inproceedings{PlanSum20,
	Author = {Amplayo, Reinald Kim and Angelidis, Stefanos and Lapata, Mirella},
	Booktitle = {AAAI},
	Year = {2021},
	Title = {Unsupervised Opinion Summarization with Content Planning},
}

@inproceedings{MeanSum19,
	author    = {Eric Chu and
	Peter J. Liu},
	editor    = {Kamalika Chaudhuri and
	Ruslan Salakhutdinov},
	title     = {MeanSum: {A} Neural Model for Unsupervised Multi-Document Abstractive
	Summarization},
	booktitle = {Proceedings of the 36th International Conference on Machine Learning,
	{ICML} 2019, 9-15 June 2019, Long Beach, California, {USA}},
	series    = {Proceedings of Machine Learning Research},
	volume    = {97},
	pages     = {1223--1232},
	publisher = {{PMLR}},
	year      = {2019},
}

@inproceedings{Copycat20,
	author    = {Arthur Brazinskas and
	Mirella Lapata and
	Ivan Titov},
	editor    = {Dan Jurafsky and
	Joyce Chai and
	Natalie Schluter and
	Joel R. Tetreault},
	title     = {Unsupervised Opinion Summarization as Copycat-Review Generation},
	booktitle = {Proceedings of the 58th Annual Meeting of the Association for Computational
	Linguistics, {ACL} 2020, Online, July 5-10, 2020},
	pages     = {5151--5169},
	publisher = {Association for Computational Linguistics},
	year      = {2020},
}

@inproceedings{Fewshot20,
	author    = {Arthur Brazinskas and
	Mirella Lapata and
	Ivan Titov},
	editor    = {Bonnie Webber and
	Trevor Cohn and
	Yulan He and
	Yang Liu},
	title     = {Few-Shot Learning for Opinion Summarization},
	booktitle = {Proceedings of the 2020 Conference on Empirical Methods in Natural
	Language Processing, {EMNLP} 2020, Online, November 16-20, 2020},
	pages     = {4119--4135},
	publisher = {Association for Computational Linguistics},
	year      = {2020},
}

@inproceedings{MukherjeePVGBG20,
	author    = {Rajdeep Mukherjee and
	Hari Chandana Peruri and
	Uppada Vishnu and
	Pawan Goyal and
	Sourangshu Bhattacharya and
	Niloy Ganguly},
	editor    = {Jimmy Huang and
	Yi Chang and
	Xueqi Cheng and
	Jaap Kamps and
	Vanessa Murdock and
	Ji{-}Rong Wen and
	Yiqun Liu},
	title     = {Read what you need: Controllable Aspect-based Opinion Summarization
	of Tourist Reviews},
	booktitle = {Proceedings of the 43rd International {ACM} {SIGIR} conference on
	research and development in Information Retrieval, {SIGIR} 2020, Virtual
	Event, China, July 25-30, 2020},
	pages     = {1825--1828},
	publisher = {{ACM}},
	year      = {2020},
}

@inproceedings{AngelidisL18,
	author    = {Stefanos Angelidis and
	Mirella Lapata},
	editor    = {Ellen Riloff and
	David Chiang and
	Julia Hockenmaier and
	Jun'ichi Tsujii},
	title     = {Summarizing Opinions: Aspect Extraction Meets Sentiment Prediction
	and They Are Both Weakly Supervised},
	booktitle = {Proceedings of the 2018 Conference on Empirical Methods in Natural
	Language Processing, Brussels, Belgium, October 31 - November 4, 2018},
	pages     = {3675--3686},
	publisher = {Association for Computational Linguistics},
	year      = {2018},
}

@inproceedings{TianY019,
	author    = {Yufei Tian and
	Jianfei Yu and
	Jing Jiang},
	editor    = {Wenwu Zhu and
	Dacheng Tao and
	Xueqi Cheng and
	Peng Cui and
	Elke A. Rundensteiner and
	David Carmel and
	Qi He and
	Jeffrey Xu Yu},
	title     = {Aspect and Opinion Aware Abstractive Review Summarization with Reinforced
	Hard Typed Decoder},
	booktitle = {Proceedings of the 28th {ACM} International Conference on Information
	and Knowledge Management, {CIKM} 2019, Beijing, China, November 3-7,
	2019},
	pages     = {2061--2064},
	publisher = {{ACM}},
	year      = {2019},
}

@inproceedings{OpiDig20,
	author    = {Yoshihiko Suhara and
	Xiaolan Wang and
	Stefanos Angelidis and
	Wang{-}Chiew Tan},
	editor    = {Dan Jurafsky and
	Joyce Chai and
	Natalie Schluter and
	Joel R. Tetreault},
	title     = {OpinionDigest: {A} Simple Framework for Opinion Summarization},
	booktitle = {Proceedings of the 58th Annual Meeting of the Association for Computational
	Linguistics, {ACL} 2020, Online, July 5-10, 2020},
	pages     = {5789--5798},
	publisher = {Association for Computational Linguistics},
	year      = {2020},
}

@inproceedings{HeM16,
	author    = {Ruining He and
	Julian J. McAuley},
	editor    = {Jacqueline Bourdeau and
	Jim Hendler and
	Roger Nkambou and
	Ian Horrocks and
	Ben Y. Zhao},
	title     = {Ups and Downs: Modeling the Visual Evolution of Fashion Trends with
	One-Class Collaborative Filtering},
	booktitle = {Proceedings of the 25th International Conference on World Wide Web,
	{WWW} 2016, Montreal, Canada, April 11 - 15, 2016},
	pages     = {507--517},
}

@inproceedings{Transformer17,
  author    = {Ashish Vaswani and
               Noam Shazeer and
               Niki Parmar and
               Jakob Uszkoreit and
               Llion Jones and
               Aidan N. Gomez and
               Lukasz Kaiser and
               Illia Polosukhin},
  editor    = {Isabelle Guyon and
               Ulrike von Luxburg and
               Samy Bengio and
               Hanna M. Wallach and
               Rob Fergus and
               S. V. N. Vishwanathan and
               Roman Garnett},
  title     = {Attention is All you Need},
  booktitle = {Advances in Neural Information Processing Systems 30: Annual Conference
               on Neural Information Processing Systems 2017, December 4-9, 2017,
               Long Beach, CA, {USA}},
  pages     = {5998--6008},
  year      = {2017},
}

@article{LSTM1997,
  title={Long short-term memory},
  author={Hochreiter, Sepp and Schmidhuber, J{\"u}rgen},
  journal={Neural computation},
  volume={9},
  number={8},
  pages={1735--1780},
  year={1997},
  publisher={MIT Press}
}

@inproceedings{DialogMV2020,
  author    = {Jiaao Chen and
               Diyi Yang},
  editor    = {Bonnie Webber and
               Trevor Cohn and
               Yulan He and
               Yang Liu},
  title     = {Multi-View Sequence-to-Sequence Models with Conversational Structure
               for Abstractive Dialogue Summarization},
  booktitle = {Proceedings of the 2020 Conference on Empirical Methods in Natural
               Language Processing, {EMNLP} 2020, Online, November 16-20, 2020},
  pages     = {4106--4118},
  publisher = {Association for Computational Linguistics},
  year      = {2020},
}

@InProceedings{NallapatiZSGX16,
  author    = {Ramesh Nallapati and
               Bowen Zhou and
               C{\'{\i}}cero Nogueira dos Santos and
               {\c{C}}aglar G{\"{u}}l{\c{c}}ehre and
               Bing Xiang},
  title     = {Abstractive Text Summarization using Sequence-to-sequence RNNs and
               Beyond},
  booktitle = {Proceedings of the 20th {SIGNLL} Conference on Computational Natural
               Language Learning, CoNLL 2016},
  year      = {2016}
}

@InProceedings{SeeLM17,
  author    = {Abigail See and
               Peter J. Liu and
               Christopher D. Manning},
  title     = {Get To The Point: Summarization with Pointer-Generator Networks},
  booktitle = {Proceedings of the 55th Annual Meeting of the Association for Computational
               Linguistics, {ACL} 2017},
  year      = {2017},
}

@inproceedings{CelikyilmazBHC18,
  author    = {Asli {\c{C}}elikyilmaz and
               Antoine Bosselut and
               Xiaodong He and
               Yejin Choi},
  title     = {Deep Communicating Agents for Abstractive Summarization},
  booktitle = {Proceedings of the 2018 Conference of the North American Chapter of
               the Association for Computational Linguistics: Human Language Technologies,
               {NAACL-HLT} 2018},
  year      = {2018},
}

@inproceedings{UniLM19,
  author    = {Li Dong and
               Nan Yang and
               Wenhui Wang and
               Furu Wei and
               Xiaodong Liu and
               Yu Wang and
               Jianfeng Gao and
               Ming Zhou and
               Hsiao{-}Wuen Hon},
  title     = {Unified Language Model Pre-training for Natural Language Understanding
               and Generation},
  booktitle = {Advances in Neural Information Processing Systems 32: Annual Conference
               on Neural Information Processing Systems 2019, NeurIPS 2019, 8-14
               December 2019, Vancouver, BC, Canada},
  pages     = {13042--13054},
  year      = {2019},
}

@inproceedings{BART20,
  author    = {Mike Lewis and
               Yinhan Liu and
               Naman Goyal and
               Marjan Ghazvininejad and
               Abdelrahman Mohamed and
               Omer Levy and
               Veselin Stoyanov and
               Luke Zettlemoyer},
  editor    = {Dan Jurafsky and
               Joyce Chai and
               Natalie Schluter and
               Joel R. Tetreault},
  title     = {{BART:} Denoising Sequence-to-Sequence Pre-training for Natural Language
               Generation, Translation, and Comprehension},
  booktitle = {Proceedings of the 58th Annual Meeting of the Association for Computational
               Linguistics, {ACL} 2020, Online, July 5-10, 2020},
  pages     = {7871--7880},
  publisher = {Association for Computational Linguistics},
  year      = {2020},
}

@inproceedings{LiuLZ18,
  author    = {Yizhu Liu and
               Zhiyi Luo and
               Kenny Q. Zhu},
  title     = {Controlling Length in Abstractive Summarization Using a Convolutional
               Neural Network},
  booktitle = {Proceedings of the 2018 Conference on Empirical Methods in Natural
               Language Processing},
  year      = {2018},
}

@inproceedings{SelfBleu18,
  author    = {Yaoming Zhu and
               Sidi Lu and
               Lei Zheng and
               Jiaxian Guo and
               Weinan Zhang and
               Jun Wang and
               Yong Yu},
  editor    = {Kevyn Collins{-}Thompson and
               Qiaozhu Mei and
               Brian D. Davison and
               Yiqun Liu and
               Emine Yilmaz},
  title     = {Texygen: {A} Benchmarking Platform for Text Generation Models},
  booktitle = {The 41st International {ACM} {SIGIR} Conference on Research {\&}
               Development in Information Retrieval, {SIGIR} 2018, Ann Arbor, MI,
               USA, July 08-12, 2018},
  pages     = {1097--1100},
  publisher = {{ACM}},
  year      = {2018},
}
@inproceedings{aspect12,
  title={Aspect-based Opinion Mining in Online Reviews},
  author={Moghaddam, Samaneh Abbasi},
  booktitle={Applied Sciences: School of Computing Science},
  year={2013}
}
@inproceedings{aspect14,
  title={A rule-based approach to aspect extraction from product reviews},
  author={Poria, Soujanya and Cambria, Erik and Ku, Lun-Wei and Gui, Chen and Gelbukh, Alexander},
  booktitle={Proceedings of the second workshop on natural language processing for social media (SocialNLP)},
  pages={28--37},
  year={2014}
}
@inproceedings{BERT19,
  author    = {Jacob Devlin and
               Ming{-}Wei Chang and
               Kenton Lee and
               Kristina Toutanova},
  editor    = {Jill Burstein and
               Christy Doran and
               Thamar Solorio},
  title     = {{BERT:} Pre-training of Deep Bidirectional Transformers for Language
               Understanding},
  booktitle = {Proceedings of the 2019 Conference of the North American Chapter of
               the Association for Computational Linguistics: Human Language Technologies,
               {NAACL-HLT} 2019, Minneapolis, MN, USA, June 2-7, 2019, Volume 1 (Long
               and Short Papers)},
  pages     = {4171--4186},
  publisher = {Association for Computational Linguistics},
  year      = {2019},
}

@article{abs-2011-04843,
	author    = {Congbo Ma and
	Wei Emma Zhang and
	Mingyu Guo and
	Hu Wang and
	Quan Z. Sheng},
	title     = {Multi-document Summarization via Deep Learning Techniques: {A} Survey},
	journal   = {CoRR},
	volume    = {abs/2011.04843},
	year      = {2020},
}

@inproceedings{FabbriLSLR19,
	author    = {Alexander R. Fabbri and
	Irene Li and
	Tianwei She and
	Suyi Li and
	Dragomir R. Radev},
	editor    = {Anna Korhonen and
	David R. Traum and
	Llu{\'{\i}}s M{\`{a}}rquez},
	title     = {Multi-News: {A} Large-Scale Multi-Document Summarization Dataset and
	Abstractive Hierarchical Model},
	booktitle = {Proceedings of the 57th Conference of the Association for Computational
	Linguistics, {ACL} 2019, Florence, Italy, July 28- August 2, 2019,
	Volume 1: Long Papers},
	pages     = {1074--1084},
	publisher = {Association for Computational Linguistics},
	year      = {2019},
	biburl    = {https://dblp.org/rec/conf/acl/FabbriLSLR19.bib},
	bibsource = {dblp computer science bibliography, https://dblp.org}
}

@article{ZajicDL08,
	author    = {David M. Zajic and
	Bonnie J. Dorr and
	Jimmy J. Lin},
	title     = {Single-document and multi-document summarization techniques for email
	threads using sentence compression},
	journal   = {Inf. Process. Manag.},
	volume    = {44},
	number    = {4},
	pages     = {1600--1610},
	year      = {2008},
}

@inproceedings{LiuSPGSKS18,
	author    = {Peter J. Liu and
	Mohammad Saleh and
	Etienne Pot and
	Ben Goodrich and
	Ryan Sepassi and
	Lukasz Kaiser and
	Noam Shazeer},
	title     = {Generating Wikipedia by Summarizing Long Sequences},
	booktitle = {6th International Conference on Learning Representations, {ICLR} 2018,
	Vancouver, BC, Canada, April 30 - May 3, 2018, Conference Track Proceedings},
	publisher = {OpenReview.net},
	year      = {2018},
}

@inproceedings{GeraniMCNN14,
	author    = {Shima Gerani and
	Yashar Mehdad and
	Giuseppe Carenini and
	Raymond T. Ng and
	Bita Nejat},
	editor    = {Alessandro Moschitti and
	Bo Pang and
	Walter Daelemans},
	title     = {Abstractive Summarization of Product Reviews Using Discourse Structure},
	booktitle = {Proceedings of the 2014 Conference on Empirical Methods in Natural
	Language Processing, {EMNLP} 2014, October 25-29, 2014, Doha, Qatar,
	{A} meeting of SIGDAT, a Special Interest Group of the {ACL}},
	pages     = {1602--1613},
	publisher = {{ACL}},
	year      = {2014},
}
