@article{devlin2018bert,
  title={Bert: Pre-training of deep bidirectional transformers for language understanding},
  author={Devlin, Jacob and Chang, Ming-Wei and Lee, Kenton and Toutanova, Kristina},
  journal={arXiv preprint arXiv:1810.04805},
  year={2018}
}

@article{peters2018deep,
	title={Deep contextualized word representations},
	author={Peters, Matthew E and Neumann, Mark and Iyyer, Mohit and Gardner, Matt and Clark, Christopher and Lee, Kenton and Zettlemoyer, Luke},
	journal={arXiv preprint arXiv:1802.05365},
	year={2018}
}

@article{joulin2016bag,
	title={Bag of tricks for efficient text classification},
	author={Joulin, Armand and Grave, Edouard and Bojanowski, Piotr and Mikolov, Tomas},
	journal={arXiv preprint arXiv:1607.01759},
	year={2016}
}

@article{tong2001support,
	title={Support vector machine active learning with applications to text classification},
	author={Tong, Simon and Koller, Daphne},
	journal={Journal of machine learning research},
	volume={2},
	number={Nov},
	pages={45--66},
	year={2001}
}

@inproceedings{mccallumzy1998employing,
	title={Employing EM and pool-based active learning for text classification},
	author={McCallumzy, Andrew Kachites and Nigamy, Kamal},
	booktitle={Proc. International Conference on Machine Learning (ICML)},
	pages={359--367},
	year={1998},
	organization={Citeseer}
}

@book{freeman1965elementary,
	title={Elementary applied statistics: for students in behavioral science},
	author={Freeman, Linton C},
	year={1965},
	publisher={John Wiley \& Sons}
}

@inproceedings{kampffmeyer2016semantic,
	title={Semantic segmentation of small objects and modeling of uncertainty in urban remote sensing images using deep convolutional neural networks},
	author={Kampffmeyer, Michael and Salberg, Arnt-Borre and Jenssen, Robert},
	booktitle={Proceedings of the IEEE conference on computer vision and pattern recognition workshops},
	pages={1--9},
	year={2016}
}

@article{houlsby2011bayesian,
	title={Bayesian active learning for classification and preference learning},
	author={Houlsby, Neil and Husz{\'a}r, Ferenc and Ghahramani, Zoubin and Lengyel, M{\'a}t{\'e}},
	journal={arXiv preprint arXiv:1112.5745},
	year={2011}
}

@misc{zhao2017deep,
	title={Deep Active Learning for Short-Text Classification},
	author={Zhao, Wenquan},
	year={2017}
}

@article{hofstatter2019let,
	title={Let's measure run time! Extending the IR replicability infrastructure to include performance aspects},
	author={Hofst{\"a}tter, Sebastian and Hanbury, Allan},
	journal={arXiv preprint arXiv:1907.04614},
	year={2019}
}

@misc{Liang2019,
	author = {Liang Xu},
	title = {all kinds of text classification models and more with deep learning},
	year = {2019},
	publisher = {GitHub},
	journal = {GitHub repository},
	howpublished = {\url{https://github.com/brightmart/text_classification}}
}

@inproceedings{pennington2014glove,
	title={Glove: Global vectors for word representation},
	author={Pennington, Jeffrey and Socher, Richard and Manning, Christopher},
	booktitle={Proceedings of the 2014 conference on empirical methods in natural language processing (EMNLP)},
	pages={1532--1543},
	year={2014}
}

@inproceedings{konyushkova2017learning,
	title={Learning active learning from data},
	author={Konyushkova, Ksenia and Sznitman, Raphael and Fua, Pascal},
	booktitle={Advances in Neural Information Processing Systems},
	pages={4225--4235},
	year={2017}
}


@inproceedings{mikolov2018advances,
	title={Advances in Pre-Training Distributed Word Representations},
	author={Mikolov, Tomas and Grave, Edouard and Bojanowski, Piotr and Puhrsch, Christian and Joulin, Armand},
	booktitle={Proceedings of the International Conference on Language Resources and Evaluation (LREC 2018)},
	year={2018}
}
}

@misc{ftblog,
	author = {Piotr Bojanowski and Edouard Grave and Armand Joulin and Tomas Mikolov},
	title = {Faster, better text classification!},
	year = {2016},
	howpublished = {\url{https://research.fb.com/fasttext/}}
}

@article{bojanowski2017enriching,
	title={Enriching word vectors with subword information},
	author={Bojanowski, Piotr and Grave, Edouard and Joulin, Armand and Mikolov, Tomas},
	journal={Transactions of the Association for Computational Linguistics},
	volume={5},
	pages={135--146},
	year={2017},
	publisher={MIT Press}
}

@inproceedings{gilad2006query,
	title={Query by committee made real},
	author={Gilad-Bachrach, Ran and Navot, Amir and Tishby, Naftali},
	booktitle={Advances in neural information processing systems},
	pages={443--450},
	year={2006}
}

@article{sznitman2010active,
	title={Active testing for face detection and localization},
	author={Sznitman, Raphael and Jedynak, Bruno},
	journal={IEEE Transactions on Pattern Analysis and Machine Intelligence},
	volume={32},
	number={10},
	pages={1914--1920},
	year={2010},
	publisher={IEEE}
}

@article{joshi2012scalable,
	title={Scalable active learning for multiclass image classification},
	author={Joshi, Ajay J and Porikli, Fatih and Papanikolopoulos, Nikolaos P},
	journal={IEEE transactions on pattern analysis and machine intelligence},
	volume={34},
	number={11},
	pages={2259--2273},
	year={2012},
	publisher={IEEE}
}

@article{sener2017active,
	title={Active learning for convolutional neural networks: A core-set approach},
	author={Sener, Ozan and Savarese, Silvio},
	journal={arXiv preprint arXiv:1708.00489},
	year={2017}
}

@inproceedings{kapoor2007active,
	title={Active learning with gaussian processes for object categorization},
	author={Kapoor, Ashish and Grauman, Kristen and Urtasun, Raquel and Darrell, Trevor},
	booktitle={2007 IEEE 11th International Conference on Computer Vision},
	pages={1--8},
	year={2007},
	organization={IEEE}
}

@inproceedings{vezhnevets2012weakly,
	title={Weakly supervised structured output learning for semantic segmentation},
	author={Vezhnevets, Alexander and Ferrari, Vittorio and Buhmann, Joachim M},
	booktitle={2012 IEEE Conference on Computer Vision and Pattern Recognition},
	pages={845--852},
	year={2012},
	organization={IEEE}
}

@article{luo2005active,
	title={Active learning to recognize multiple types of plankton},
	author={Luo, Tong and Kramer, Kurt and Goldgof, Dmitry B and Hall, Lawrence O and Samson, Scott and Remsen, Andrew and Hopkins, Thomas},
	journal={Journal of Machine Learning Research},
	volume={6},
	number={Apr},
	pages={589--613},
	year={2005}
}

@article{olsson2009literature,
	title={A literature survey of active machine learning in the context of natural language processing},
	author={Olsson, Fredrik},
	year={2009},
	publisher={Swedish Institute of Computer Science}
}

@techreport{settles2009active,
	title={Active learning literature survey},
	author={Settles, Burr},
	year={2009},
	institution={University of Wisconsin-Madison}
}

@article{sener2017geometric,
	title={A geometric approach to active learning for convolutional neural networks},
	author={Sener, Ozan and Savarese, Silvio},
	journal={arXiv preprint arXiv},
	volume={1708},
	pages={1},
	year={2017}
}

@article{xu2017self,
	title={Self-taught convolutional neural networks for short text clustering},
	author={Xu, Jiaming and Xu, Bo and Wang, Peng and Zheng, Suncong and Tian, Guanhua and Zhao, Jun},
	journal={Neural Networks},
	volume={88},
	pages={22--31},
	year={2017},
	publisher={Elsevier}
}

@article{yan2009dynamic,
	title={Dynamic assembly classification algorithm for short text},
	author={Yan, Rui and Cao, Xian-bin and Li, Kai},
	journal={Acta Electronica Sinica},
	volume={37},
	number={5},
	pages={1019--1024},
	year={2009}
}

@inproceedings{lewis1994sequential,
	title={A sequential algorithm for training text classifiers},
	author={Lewis, David D and Gale, William A},
	booktitle={SIGIR'94},
	pages={3--12},
	year={1994},
	organization={Springer}
}

@article{song2014short,
	title={Short text classification: A survey},
	author={Song, Ge and Ye, Yunming and Du, Xiaolin and Huang, Xiaohui and Bie, Shifu},
	journal={Journal of multimedia},
	volume={9},
	number={5},
	pages={635},
	year={2014},
	publisher={Citeseer}
}

@inproceedings{hoi2006large,
  title={Large-scale text categorization by batch mode active learning},
  author={Hoi, Steven CH and Jin, Rong and Lyu, Michael R},
  booktitle={Proceedings of the 15th international conference on World Wide Web},
  pages={633--642},
  year={2006}
}

@inproceedings{gal2017deep,
  title={Deep bayesian active learning with image data},
  author={Gal, Yarin and Islam, Riashat and Ghahramani, Zoubin},
  booktitle={Proceedings of the 34th International Conference on Machine Learning-Volume 70},
  pages={1183--1192},
  year={2017},
  organization={JMLR. org}
}

@article{wang2016cost,
  title={Cost-effective active learning for deep image classification},
  author={Wang, Keze and Zhang, Dongyu and Li, Ya and Zhang, Ruimao and Lin, Liang},
  journal={IEEE Transactions on Circuits and Systems for Video Technology},
  volume={27},
  number={12},
  pages={2591--2600},
  year={2016},
  publisher={IEEE}
}


@article{kim2014convolutional,
  title={Convolutional neural networks for sentence classification},
  author={Kim, Yoon},
  journal={arXiv preprint arXiv:1408.5882},
  year={2014}
}

@article{hochreiter1997long,
  title={Long short-term memory},
  author={Hochreiter, Sepp and Schmidhuber, J{\"u}rgen},
  journal={Neural computation},
  volume={9},
  number={8},
  pages={1735--1780},
  year={1997},
  publisher={MIT Press}
}

@article{lafferty2001conditional,
  title={Conditional random fields: Probabilistic models for segmenting and labeling sequence data},
  author={Lafferty, John and McCallum, Andrew and Pereira, Fernando CN},
  year={2001}
}

@article{cortes1995support,
  title={Support-vector networks},
  author={Cortes, Corinna and Vapnik, Vladimir},
  journal={Machine learning},
  volume={20},
  number={3},
  pages={273--297},
  year={1995},
  publisher={Springer}
}

@inproceedings{rish2001empirical,
  title={An empirical study of the naive Bayes classifier},
  author={Rish, Irina and others},
  booktitle={IJCAI 2001 workshop on empirical methods in artificial intelligence},
  volume={3},
  number={22},
  pages={41--46},
  year={2001}
}

@article{altman1992introduction,
  title={An introduction to kernel and nearest-neighbor nonparametric regression},
  author={Altman, Naomi S},
  journal={The American Statistician},
  volume={46},
  number={3},
  pages={175--185},
  year={1992},
  publisher={Taylor \& Francis Group}
}

@article{opitz1999popular,
  title={Popular ensemble methods: An empirical study},
  author={Opitz, David and Maclin, Richard},
  journal={Journal of artificial intelligence research},
  volume={11},
  pages={169--198},
  year={1999}
}

@article{walker1967estimation,
  title={Estimation of the probability of an event as a function of several independent variables},
  author={Walker, Strother H and Duncan, David B},
  journal={Biometrika},
  volume={54},
  number={1-2},
  pages={167--179},
  year={1967},
  publisher={Oxford University Press}
}

@inproceedings{ho1995random,
  title={Random decision forests},
  author={Ho, Tin Kam},
  booktitle={Proceedings of 3rd international conference on document analysis and recognition},
  volume={1},
  pages={278--282},
  year={1995},
  organization={IEEE}
}

@article{geifman2017deep,
  title={Deep active learning over the long tail},
  author={Geifman, Yonatan and El-Yaniv, Ran},
  journal={arXiv preprint arXiv:1711.00941},
  year={2017}
}

@inproceedings{lowell2019practical,
	title={Practical obstacles to deploying active learning},
	author={Lowell, David and Lipton, Zachary C and Wallace, Byron C},
	booktitle={Proceedings of the 2019 Conference on Empirical Methods in Natural Language Processing and the 9th International Joint Conference on Natural Language Processing (EMNLP-IJCNLP)},
	pages={21--30},
	year={2019}
}