%# -*- coding: utf-8-unix -*-

@inproceedings{banko2007open,
  title={Open information extraction from the web.},
  author={Banko, Michele and Cafarella, Michael J and Soderland, Stephen and Broadhead, Matthew and Etzioni, Oren},
  booktitle={IJCAI},
  volume={7},
  pages={2670--2676},
  year={2007}
}

@article{zhao2011open,
  title={开放式文本信息抽取},
  author={赵军 and 刘康 and 周光有 and 蔡黎},
  journal={中文信息学报},
  volume={25},
  number={6},
  pages={98--111},
  year={2011}
}

@article{liu2013open,
  title={开放信息抽取技术的现状研究},
  author={刘振 and 张智雄},
  journal={情报杂志},
  volume={32},
  number={11},
  pages={145--148},
  year={2013}
}

@article{warwick2016can,
  title={Can machines think? A report on Turing test experiments at the Royal Society},
  author={Warwick, Kevin and Shah, Huma},
  journal={Journal of experimental \& Theoretical artificial Intelligence},
  volume={28},
  number={6},
  pages={989--1007},
  year={2016},
  publisher={Taylor \& Francis}
}


%========================================%
%TypeInference

@inproceedings{kingsbury2002treebank,
  title={From TreeBank to PropBank.},
  author={Kingsbury, Paul and Palmer, Martha},
  booktitle={LREC},
  pages={1989--1993},
  year={2002},
  organization={Citeseer}
}

@inproceedings{fader2011identifying,
  title={Identifying relations for open information extraction},
  author={Fader, Anthony and Soderland, Stephen and Etzioni, Oren},
  booktitle={EMNLP},
  pages={1535--1545},
  year={2011},
}

@inproceedings{berant2013semantic,
  title={Semantic Parsing on Freebase from Question-Answer Pairs.},
  author={Berant, Jonathan and Chou, Andrew and Frostig, Roy and Liang, Percy},
  booktitle={EMNLP},
  pages={1533--1544},
  year={2013}
}

@inproceedings{moro2013integrating,
  title={Integrating syntactic and semantic analysis into the open information extraction paradigm},
  author={Moro, Andrea and Navigli, Roberto},
  booktitle={ACL},
  pages={2148--2154},
  year={2013},
  organization={AAAI Press}
}
@incollection{wang2014semantic,
  title={Semantic clustering of relations between named entities},
  author={Wang, Wei and Besan{\c{c}}on, Romaric and Ferret, Olivier and Grau, Brigitte},
  booktitle={Advances in Natural Language Processing},
  pages={358--370},
  year={2014},
  publisher={Springer}
}
@inproceedings{ritter2010latent,
  title={A latent dirichlet allocation method for selectional preferences},
  author={Ritter, Alan and Etzioni, Oren and others},
  booktitle={ACL},
  pages={424--434},
  year={2010},
}
@inproceedings{seaghdha2010latent,
  title={Latent variable models of selectional preference},
  author={S{\'e}aghdha, Diarmuid O},
  booktitle={ACL},
  pages={435--444},
  year={2010},
}

@inproceedings{schmitz2012open,
  title={Open language learning for information extraction},
  author={Schmitz, Michael and Bart, Robert and Soderland, Stephen and Etzioni, Oren and others},
  booktitle={EMNLP},
  pages={523--534},
  year={2012},
}

@article{miller1995wordnet,
  title={WordNet: a lexical database for English},
  author={Miller, George A},
  journal={Communications of the ACM},
  volume={38},
  number={11},
  pages={39--41},
  year={1995},
  publisher={ACM}
}
@inproceedings{suchanek2007WWW,
 author = {Fabian M. Suchanek and Gjergji Kasneci and Gerhard Weikum},
 title = {{Yago: A Core of Semantic Knowledge}},
 booktitle = {16th international World Wide Web conference (WWW 2007)},
 year = {2007},
 location = {Banff, Canada},
 publisher = {ACM Press},
 address = {New York, NY, USA}
}
@inproceedings{chang2012sutime,
  title={SUTime: A library for recognizing and normalizing time expressions.},
  author={Chang, Angel X and Manning, Christopher D},
  booktitle={LREC},
  pages={3735--3740},
  year={2012}
}
@article{agirre2002integrating,
  title={Integrating selectional preferences in wordnet},
  author={Agirre, Eneko and Martinez, David},
  journal={arXiv preprint cs/0204027},
  year={2002}
}
@inproceedings{judea2012concept,
  title={Concept-based Selectional Preferences and Distributional Representations from Wikipedia Articles.},
  author={Judea, Alex and Nastase, Vivi and Strube, Michael},
  booktitle={LREC},
  pages={2985--2990},
  year={2012}
}
@article{resnik1996selectional,
  title={Selectional constraints: An information-theoretic model and its computational realization},
  author={Resnik, Philip},
  journal={Cognition},
  volume={61},
  number={1},
  pages={127--159},
  year={1996},
  publisher={Elsevier}
}

@inproceedings{klein2003accurate,
  title={Accurate unlexicalized parsing},
  author={Klein, Dan and Manning, Christopher D},
  booktitle={ACL},
  pages={423--430},
  year={2003},
}

@inproceedings{erk2007simple,
  title={A simple, similarity-based model for selectional preferences},
  author={Erk, Katrin},
  booktitle={ANNUAL MEETING-ASSOCIATION FOR COMPUTATIONAL LINGUISTICS},
  pages={216},
  year={2007}
}

@inproceedings{wu2012probase,
  author    = {Wentao Wu and
               Hongsong Li and
               Haixun Wang and
               Kenny Q. Zhu},
  title     = {Probase: a probabilistic taxonomy for text understanding},
  booktitle = {SIGMOD Conference},
  year      = {2012},
  pages     = {481--492}
}

@inproceedings{lin2012entity,
  title={Entity linking at web scale},
  author={Lin, Thomas and Etzioni, Oren and others},
  booktitle={Proceedings of the Joint Workshop on Automatic Knowledge Base Construction and Web-scale Knowledge Extraction},
  pages={84--88},
  year={2012},
}

@incollection{rao2013entity,
  title={Entity linking: Finding extracted entities in a knowledge base},
  author={Rao, Delip and McNamee, Paul and Dredze, Mark},
  booktitle={Multi-source, multilingual information extraction and summarization},
  pages={93--115},
  year={2013},
  publisher={Springer}
}

@inproceedings{hoffart2011robust,
  title={Robust disambiguation of named entities in text},
  author={Hoffart, Johannes and Yosef, Mohamed Amir and Bordino, Ilaria and F{\"u}rstenau, Hagen and Pinkal, Manfred and Spaniol, Marc and Taneva, Bilyana and Thater, Stefan and Weikum, Gerhard},
  booktitle={Proceedings of EMNLP},
  pages={782--792},
  year={2011},
}

@inproceedings{guo2013link,
  title={To link or not to link? a study on end-to-end tweet entity linking},
  author={Guo, Stephen and Chang, Ming-Wei and Kiciman, Emre},
  booktitle={Proceedings of the 2013 Conference of the North American Chapter of the Association for Computational Linguistics: Human Language Technologies},
  pages={1020--1030},
  year={2013}
}

@inproceedings{ratinov2011local,
  title={Local and global algorithms for disambiguation to wikipedia},
  author={Ratinov, Lev and Roth, Dan and Downey, Doug and Anderson, Mike},
  booktitle={Proceedings of ACL:HLT},
  pages={1375--1384},
  year={2011},
}
@article{church1990word,
  title={Word association norms, mutual information, and lexicography},
  author={Church, Kenneth Ward and Hanks, Patrick},
  journal={Computational linguistics},
  volume={16},
  number={1},
  pages={22--29},
  year={1990},
  publisher={MIT Press}
}

@article{liu2009learning,
  title={Learning to rank for information retrieval},
  author={Liu, Tie-Yan},
  journal={Foundations and Trends in Information Retrieval},
  volume={3},
  number={3},
  pages={225--331},
  year={2009},
  publisher={Now Publishers Inc.}
}

@inproceedings{xu2015classifying,
  title={Classifying relations via long short term memory networks along shortest dependency paths},
  author={Xu, Yan and Mou, Lili and Li, Ge and Chen, Yunchuan and Peng, Hao and Jin, Zhi},
  booktitle={Proceedings of the 2015 conference on empirical methods in natural language processing},
  pages={1785--1794},
  year={2015}
}

@inproceedings{xu2015semantic,
  title={Semantic Relation Classification via Convolutional Neural Networks with Simple Negative Sampling},
  author={Xu, Kun and Feng, Yansong and Huang, Songfang and Zhao, Dongyan},
  booktitle={Proceedings of the 2015 Conference on Empirical Methods in Natural Language Processing},
  pages={536--540},
  year={2015}
}

%====================================================%
%Schema


%@inproceedings{luo2015inferring,
%  title={Inferring Binary Relation Schemas for Open Information Extraction.},
%  author={Luo, Kangqi and Luo, Xusheng and Zhu, Kenny Q.},
%  booktitle={EMNLP},
%  pages={555--560},
%  year={2015}
%} 

@inproceedings{toutanova2015representing,
  title={Representing text for joint embedding of text and knowledge bases},
  author={Toutanova, Kristina and Chen, Danqi and Pantel, Patrick and Poon, Hoifung and Choudhury, Pallavi and Gamon, Michael},
  booktitle={Proceedings of the 2015 Conference on Empirical Methods in Natural Language Processing},
  pages={1499--1509},
  year={2015}
}

@article{brown1993mathematics,
  title={The mathematics of statistical machine translation: Parameter estimation},
  author={Brown, Peter F and Pietra, Vincent J Della and Pietra, Stephen A Della and Mercer, Robert L},
  journal={Computational linguistics},
  volume={19},
  number={2},
  pages={263--311},
  year={1993},
  publisher={MIT Press}
}

@article{tieleman2012lecture,
  title={Lecture 6.5-rmsprop: Divide the gradient by a running average of its recent magnitude},
  author={Tieleman, Tijmen and Hinton, Geoffrey},
  journal={COURSERA: Neural networks for machine learning},
  volume={4},
  number={2},
  year={2012}
}

@article{galarraga2015fast,
  title={Fast rule mining in ontological knowledge bases with {AMIE+}},
  author={Gal{\'a}rraga, Luis and Teflioudi, Christina and Hose, Katja and Suchanek, Fabian M},
  journal={The VLDB Journal},
  volume={24},
  number={6},
  pages={707--730},
  year={2015},
  publisher={Springer}
}

@InProceedings{wang2014knowledge,
  title = {Knowledge Graph Embedding by Translating on Hyperplanes.},
  author = {Wang, Zhen and Zhang, Jianwen and Feng, Jianlin and Chen, Zheng},
  booktitle = {AAAI},
  year = {2014},
  pages = {1112--1119}
}

@InProceedings{wang2016text,
  title = {Text-enhanced representation learning for knowledge graph},
  author = {Wang, Zhigang and Li, Juanzi},
  booktitle = {AAAI},
  year = {2016},
  pages = {1293--1299}
}

@InProceedings{guo2016jointly,
  title = {Jointly embedding knowledge graphs and logical rules},
  author = {Guo, Shu and Wang, Quan and Wang, Lihong and Wang, Bin and Guo, Li},
  booktitle = {EMNLP},
  year = {2016},
  pages = {1488--1498}
}

@InProceedings{bordes2013translating,
  title = {Translating embeddings for modeling multi-relational data},
  author = {Bordes, Antoine and Usunier, Nicolas and Garcia-Duran, Alberto and Weston, Jason and Yakhnenko, Oksana},
  booktitle = {NIPS},
  year = {2013},
  pages = {2787--2795}
}

@article{nickel2016review,
  title={A review of relational machine learning for knowledge graphs},
  author={Nickel, Maximilian and Murphy, Kevin and Tresp, Volker and Gabrilovich, Evgeniy},
  journal={Proceedings of the IEEE},
  volume={104},
  number={1},
  pages={11--33},
  year={2016},
  publisher={IEEE}
}

@InProceedings{nickel2015holographic,
  title={Holographic embeddings of knowledge graphs},
  author={Nickel, Maximilian and Rosasco, Lorenzo and Poggio, Tomaso},
  booktitle = {AAAI},
  year = {2016},
}

@article{xiao2015transa,
  title={TransA: An adaptive approach for knowledge graph embedding},
  author={Xiao, Han and Huang, Minlie and Hao, Yu and Zhu, Xiaoyan},
  journal={arXiv preprint arXiv:1509.05490},
  year={2015}
}

@inproceedings{xiao2016transg,
  title={TransG: A generative model for knowledge graph embedding},
  author={Xiao, Han and Huang, Minlie and Zhu, Xiaoyan},
  booktitle={Proceedings of the 54th Annual Meeting of the Association for Computational Linguistics (Volume 1: Long Papers)},
  volume={1},
  pages={2316--2325},
  year={2016}
}

@inproceedings{bunescu2006using,
  title={Using Encyclopedic Knowledge for Named entity Disambiguation.},
  author={Bunescu, Razvan C and Pasca, Marius},
  booktitle={EACL},
  volume={6},
  pages={9--16},
  year={2006}
}


@inproceedings{cucerzan2007large,
  title={Large-Scale Named Entity Disambiguation Based on Wikipedia Data.},
  author={Cucerzan, Silviu},
  booktitle={EMNLP-CoNLL},
  volume={7},
  pages={708--716},
  year={2007}
}

@inproceedings{zuo2014bel,
  title={BEL: Bagging for Entity Linking.},
  author={Zuo, Zhe and Kasneci, Gjergji and Gruetze, Toni and Naumann, Felix},
  booktitle={COLING},
  pages={2075--2086},
  year={2014}
}


@misc{gabrilovich2013facc1,
  title = {FACC1: Freebase annotation of ClueWeb corpora, Version 1},
  author = {Gabrilovich, Evgeniy and Ringgaard, Michael and Subramanya, Amarnag},
  howpublished = {http://lemurproject.org/clueweb12/},
  edition = {June 26, 2013},
  year = {2013}
}

@misc{freebase:datadumps,
  title = {Freebase Data Dumps},
  author = {Google},
  howpublished = {https://developers.google.com/freebase/data},
  edition = {June 15, 2015},
  year = {2015}
}

@inproceedings{riedmiller1993direct,
  title={A direct adaptive method for faster backpropagation learning:
The {RPROP} algorithm},
  author={Riedmiller, Martin and Braun, Heinrich},
  booktitle={ICNN},
  pages={586--591},
  year={1993},
}

@inproceedings{shen2014learning,
  title={Learning semantic representations using convolutional neural networks for web search},
  author={Shen, Yelong and He, Xiaodong and Gao, Jianfeng and Deng, Li and Mesnil, Gr{\'e}goire},
  booktitle={Proceedings of the 23rd International Conference on World Wide Web},
  pages={373--374},
  year={2014},
  organization={ACM}
}

@inproceedings{cimiano2013multilingual,
  title={Multilingual question answering over linked data (qald-3): Lab overview},
  author={Cimiano, Philipp and Lopez, Vanessa and Unger, Christina and Cabrio, Elena and Ngomo, Axel-Cyrille Ngonga and Walter, Sebastian},
  booktitle={International Conference of the Cross-Language Evaluation Forum for European Languages},
  pages={321--332},
  year={2013},
  organization={Springer}
}

@inproceedings{cai2013large,
  title={Large-scale Semantic Parsing via Schema Matching and Lexicon Extension.},
  author={Cai, Qingqing and Yates, Alexander},
  booktitle={ACL},
  pages={423--433},
  year={2013}
}

@inproceedings{krishnamurthy2012weakly,
  title={Weakly supervised training of semantic parsers},
  author={Krishnamurthy, Jayant and Mitchell, Tom M},
  booktitle={EMNLP},
  pages={754--765},
  year={2012},
}


@inproceedings{yahya2012natural,
  title={Natural language questions for the web of data},
  author={Yahya, Mohamed and Berberich, Klaus and Elbassuoni, Shady and Ramanath, Maya and Tresp, Volker and Weikum, Gerhard},
  booktitle={EMNLP-CoNLL},
  pages={379--390},
  year={2012}
}

@book{Aho:72,
  author = {Alfred V. Aho and Jeffrey D. Ullman},
  title = {The Theory of Parsing, Translation and Compiling},
  year = "1972",
  volume = "1",
  publisher = {Prentice-Hall},
  address = {Englewood Cliffs, NJ}
}


@book{APA:83,
  author = {{American Psychological Association}},
  title = {Publications Manual},
  year = "1983",
  publisher = {American Psychological Association},
  address = {Washington, DC}
}

@incollection{ACM:83,
  author = {Association for Computing Machinery},
  year = "1983",
  booktitle = {Computing Reviews},
  volume = "24",
  number = "11",
  pages = "503--512"
}

@article{Chandra:81,
  author = {Ashok K. Chandra and Dexter C. Kozen and Larry J. Stockmeyer},
  year = "1981",
  title = {Alternation},
  journal = {Journal of the Association for Computing Machinery},
  volume = "28",
  number = "1",
  pages = "114--133"
}


@book{Gusfield:97,
  author = {Dan Gusfield},
  title = {Algorithms on Strings, Trees and Sequences},
  year = "1997",
  publisher = {Cambridge University Press},
  address = {Cambridge, UK}
}

@inproceedings{ney1992improvements,
  title={Improvements in beam search for 10000-word continuous speech recognition},
  author={Ney, Hermann and Haeb-Umbach, Reinhold and Tran, B-H and Oerder, Martin},
  booktitle={ICASSP},
  volume={1},
  pages={9--12},
  year={1992},
}

@inproceedings{harabagiu2006methods,
  title={Methods for using textual entailment in open-domain question answering},
  author={Harabagiu, Sanda and Hickl, Andrew},
  booktitle={ACL},
  pages={905--912},
  year={2006},
}

@inproceedings{romano2006investigating,
  title={Investigating a Generic Paraphrase-Based Approach for Relation Extraction.},
  author={Romano, Lorenza and Kouylekov, Milen and Szpektor, Idan and Dagan, Ido and Lavelli, Alberto},
  booktitle={EACL},
  year={2006}
}


@inproceedings{zou2014natural,
  title={Natural language question answering over RDF: a graph data driven approach},
  author={Zou, Lei and Huang, Ruizhe and Wang, Haixun and Yu, Jeffer Xu and He, Wenqiang and Zhao, Dongyan},
  booktitle={SIGMOD},
  pages={313--324},
  year={2014},
  organization={ACM}
}

@inproceedings{bordes2014question,
  title={Question answering with subgraph embeddings},
  author={Bordes, Antoine and Chopra, Sumit and Weston, Jason},
  booktitle={EMNLP},
  year={2014}
}

@inproceedings{fader2013paraphrase,
  title={Paraphrase-Driven Learning for Open Question Answering.},
  author={Fader, Anthony and Zettlemoyer, Luke S and Etzioni, Oren},
  booktitle={ACL},
  pages={1608--1618},
  year={2013},
}

@inproceedings{zhang2012ontological,
  title={Ontological Smoothing for Relation Extraction with Minimal Supervision.},
  author={Zhang, Congle and Hoffmann, Raphael and Weld, Daniel S},
  booktitle={AAAI},
  year={2012}
}

@inproceedings{dong2014knowledge,
  title={Knowledge vault: A web-scale approach to probabilistic knowledge fusion},
  author={Dong, Xin and Gabrilovich, Evgeniy and Heitz, Geremy and Horn, Wilko and Lao, Ni and Murphy, Kevin and Strohmann, Thomas and Sun, Shaohua and Zhang, Wei},
  booktitle={Proceedings of the 20th ACM SIGKDD international conference on Knowledge discovery and data mining},
  pages={601--610},
  year={2014},
  organization={ACM}
}

@inproceedings{lao2011random,
  title={Random walk inference and learning in a large scale knowledge base},
  author={Lao, Ni and Mitchell, Tom and Cohen, William W},
  booktitle={EMNLP},
  pages={529--539},
  year={2011},
}

@inproceedings{carlson2010toward,
  title={Toward an Architecture for Never-Ending Language Learning.},
  author={Carlson, Andrew and Betteridge, Justin and Kisiel, Bryan and Settles, Burr and Hruschka Jr, Estevam R and Mitchell, Tom M},
  booktitle={AAAI},
  volume={5},
  pages={3},
  year={2010}
}

@article{reddy2014large,
  title={Large-scale semantic parsing without question-answer pairs},
  author={Reddy, Siva and Lapata, Mirella and Steedman, Mark},
  journal={TACL},
  volume={2},
  pages={377--392},
  year={2014}
}

@inproceedings{liang2011learning,
  title={Learning dependency-based compositional semantics},
  author={Liang, Percy and Jordan, Michael I and Klein, Dan},
  booktitle={ACL},
  pages={590--599},
  year={2011},
}

@article{liang2013lambda,
  title={Lambda dependency-based compositional semantics},
  author={Liang, Percy},
  journal={arXiv preprint arXiv:1309.4408},
  year={2013}
}

@article{zettlemoyer2012learning,
  title={Learning to map sentences to logical form: Structured classification with probabilistic categorial grammars},
  author={Zettlemoyer, Luke S and Collins, Michael},
  journal={arXiv preprint arXiv:1207.1420},
  year={2012}
}

@inproceedings{kwiatkowski2010inducing,
  title={Inducing probabilistic CCG grammars from logical form with higher-order unification},
  author={Kwiatkowski, Tom and Zettlemoyer, Luke and Goldwater, Sharon and Steedman, Mark},
  booktitle={EMNLP},
  pages={1223--1233},
  year={2010},
}

@inproceedings{kwiatkowski2013scaling,
  title={Scaling semantic parsers with on-the-fly ontology matching},
  author={Kwiatkowski, Tom and Choi, Eunsol and Artzi, Yoav and Zettlemoyer, Luke S},
  booktitle={ACL},
  year={2013}
}

@incollection{an2006discovering,
  title={Discovering the semantics of relational tables through mappings},
  author={An, Yuan and Borgida, Alex and Mylopoulos, John},
  booktitle={Journal on Data Semantics VII},
  pages={1--32},
  year={2006},
  publisher={Springer}
}

@inproceedings{gardner2015efficient,
  title={Efficient and expressive knowledge base completion using subgraph feature extraction},
  author={Gardner, Matt and Mitchell, Tom},
  booktitle={EMNLP},
  pages={1488--1498},
  year={2015}
}

@article{gardner2014incorporating,
  title={Incorporating vector space similarity in random walk inference over knowledge bases},
  author={Gardner, Matt and Talukdar, Partha Pratim and Krishnamurthy, Jayant and Mitchell, Tom},
  booktitle={EMNLP},
  year={2014}
}

@book{grunwald2007minimum,
  title={The minimum description length principle},
  author={Gr{\"u}nwald, Peter D},
  year={2007},
  publisher={MIT press}
}

@inproceedings{fisher2008dirt,
  title={From dirt to shovels: fully automatic tool generation from ad hoc data},
  author={Fisher, Kathleen and Walker, David and Zhu, Kenny Q and White, Peter},
  booktitle={ACM SIGPLAN Notices},
  volume={43},
  number={1},
  pages={421--434},
  year={2008},
  organization={ACM}
}

@book{auer2007dbpedia,
  title={Dbpedia: A nucleus for a web of open data},
  author={Auer, S{\"o}ren and Bizer, Christian and Kobilarov, Georgi and Lehmann, Jens and Cyganiak, Richard and Ives, Zachary},
  year={2007},
  publisher={Springer}
}

@inproceedings{bollacker2008freebase,
  title={Freebase: a collaboratively created graph database for structuring human knowledge},
  author={Bollacker, Kurt and Evans, Colin and Paritosh, Praveen and Sturge, Tim and Taylor, Jamie},
  booktitle={SIGMOD},
  pages={1247--1250},
  year={2008}
}

@inproceedings{suchanek2007yago,
  title={Yago: a core of semantic knowledge},
  author={Suchanek, Fabian M and Kasneci, Gjergji and Weikum, Gerhard},
  booktitle={WWW},
  pages={697--706},
  year={2007},
  organization={ACM}
}

@inproceedings{lao2010fast,
  title={Fast query execution for retrieval models based on path-constrained random walks},
  author={Lao, Ni and Cohen, William W},
  booktitle={Proceedings of the 16th ACM SIGKDD international conference on Knowledge discovery and data mining},
  pages={881--888},
  year={2010},
  organization={ACM}
}

@book{leskovec2014mining,
  title={Mining of massive datasets},
  author={Leskovec, Jure and Rajaraman, Anand and Ullman, Jeffrey David},
  year={2014},
  publisher={Cambridge university press}
}

@article{lao2010relational,
  title={Relational retrieval using a combination of path-constrained random walks},
  author={Lao, Ni and Cohen, William W},
  journal={Machine Learning},
  volume={81},
  number={1},
  pages={53--67},
  year={2010},
  publisher={Springer}
}

@article{deerwester1990indexing,
  title={Indexing by latent semantic analysis},
  author={Deerwester, Scott and Dumais, Susan T and Furnas, George W and Landauer, Thomas K and Harshman, Richard},
  journal={Journal of the American society for information science},
  volume={41},
  number={6},
  pages={391--407},
  year={1990},
  publisher={Wiley Online Library}
}

@inproceedings{hofmann1999probabilistic,
  title={Probabilistic latent semantic analysis},
  author={Hofmann, Thomas},
  booktitle={Proceedings of the Fifteenth conference on Uncertainty in artificial intelligence},
  pages={289--296},
  year={1999},
  organization={Morgan Kaufmann Publishers Inc.}
}

@inproceedings{nakashole2012patty,
  title={{PATTY}: a taxonomy of relational patterns with semantic types},
  author={Nakashole, Ndapandula and Weikum, Gerhard and Suchanek, Fabian},
  booktitle={EMNLP-CoNLL},
  pages={1135--1145},
  year={2012},
}

@inproceedings{zhang2013automatically,
  title={Automatically synthesizing sql queries from input-output examples},
  author={Zhang, Sai and Sun, Yuyin},
  booktitle={ASE},
  pages={224--234},
  year={2013},
  organization={IEEE}
}

@article{cheung2012inferring,
  title={Inferring {SQL} queries using program synthesis},
  author={Cheung, Alvin and Solar-Lezama, Armando and Madden, Samuel},
  journal={arXiv preprint arXiv:1208.2013},
  year={2012}
}

@article{niehren2013query,
  title={Query induction with schema-guided pruning strategies},
  author={Niehren, Joachim and Champav{\`e}re, J{\'e}r{\^o}me and Lemay, Aur{\'e}lien and Gilleron, R{\'e}mi},
  journal={The Journal of Machine Learning Research},
  volume={14},
  number={1},
  pages={927--964},
  year={2013},
  publisher={JMLR. org}
}

@inproceedings{haveliwala2002topic,
  title={Topic-sensitive pagerank},
  author={Haveliwala, Taher H},
  booktitle={Proceedings of the 11th international conference on World Wide Web},
  pages={517--526},
  year={2002},
  organization={ACM}
}

@article{cheung2013optimizing,
  title={Optimizing database-backed applications with query synthesis},
  author={Cheung, Alvin and Solar-Lezama, Armando and Madden, Samuel},
  journal={ACM SIGPLAN Notices},
  volume={48},
  number={6},
  pages={3--14},
  year={2013},
  publisher={ACM}
}

@inproceedings{das2010synthesizing,
  title={Synthesizing view definitions from data},
  author={Das Sarma, Anish and Parameswaran, Aditya and Garcia-Molina, Hector and Widom, Jennifer},
  booktitle={Proceedings of the 13th International Conference on Database Theory},
  pages={89--103},
  year={2010},
}

@article{richardson2006markov,
  title={Markov logic networks},
  author={Richardson, Matthew and Domingos, Pedro},
  journal={Machine learning},
  volume={62},
  number={1-2},
  pages={107--136},
  year={2006},
  publisher={Springer}
}

@inproceedings{wang2016knowledge,
  title={Knowledge base completion via coupled path ranking},
  author={Wang, Quan and Liu, Jing and Luo, Yuanfei and Wang, Bin and Lin, C},
  booktitle={ACL},
  pages={1308--1318},
  year={2016}
}

@inproceedings{lin2015learning,
  title={Learning Entity and Relation Embeddings for Knowledge Graph Completion.},
  author={Lin, Yankai and Liu, Zhiyuan and Sun, Maosong and Liu, Yang and Zhu, Xuan},
  booktitle={AAAI},
  pages={2181--2187},
  year={2015}
}

@inproceedings{bordes2012joint,
  title={Joint Learning of Words and Meaning Representations for Open-Text Semantic Parsing.},
  author={Bordes, Antoine and Glorot, Xavier and Weston, Jason and Bengio, Yoshua},
  booktitle={AISTATS},
  volume={22},
  pages={127--135},
  year={2012}
}

@inproceedings{nickel2012factorizing,
  title={Factorizing yago: scalable machine learning for linked data},
  author={Nickel, Maximilian and Tresp, Volker and Kriegel, Hans-Peter},
  booktitle={WWW},
  pages={271--280},
  year={2012}
}

@inproceedings{chang2014typed,
  title={Typed tensor decomposition of knowledge bases for relation extraction},
  author={Chang, Kai-Wei and Yih, Scott Wen-tau and Yang, Bishan and Meek, Chris},
  booktitle={EMNLP},
  pages={1568--1579},
  year={2014}
}

@inproceedings{rocktaschel2015injecting,
  title={Injecting Logical Background Knowledge into Embeddings for Relation Extraction.},
  author={Rockt{\"a}schel, Tim and Singh, Sameer and Riedel, Sebastian},
  booktitle={HLT-NAACL},
  pages={1119--1129},
  year={2015}
}

@article{bordes2014semantic,
  title={A semantic matching energy function for learning with multi-relational data},
  author={Bordes, Antoine and Glorot, Xavier and Weston, Jason and Bengio, Yoshua},
  journal={Machine Learning},
  volume={94},
  number={2},
  pages={233--259},
  year={2014},
  publisher={Springer}
}

@inproceedings{jiang2012learning,
  title={Learning to refine an automatically extracted knowledge base using markov logic},
  author={Jiang, Shangpu and Lowd, Daniel and Dou, Dejing},
  booktitle={ICDM},
  pages={912--917},
  year={2012}
}

@inproceedings{pujara2013large,
  title={Large-scale knowledge graph identification using psl},
  author={Pujara, Jay and Miao, Hui and Getoor, Lise and Cohen, William},
  booktitle={AAAI Fall Symposium on Semantics for Big Data},
  year={2013}
}

@inproceedings{galarraga2013amie,
  title={{AMIE}: association rule mining under incomplete evidence in ontological knowledge bases},
  author={Gal{\'a}rraga, Luis Antonio and Teflioudi, Christina and Hose, Katja and Suchanek, Fabian},
  booktitle={Proceedings of the 22nd international conference on World Wide Web},
  pages={413--422},
  year={2013},
  organization={ACM}
}

@inproceedings{volker2011statistical,
  title={Statistical schema induction},
  author={V{\"o}lker, Johanna and Niepert, Mathias},
  booktitle={Extended Semantic Web Conference},
  pages={124--138},
  year={2011},
  organization={Springer}
}

@inproceedings{wang2015knowledge,
  title={Knowledge Base Completion Using Embeddings and Rules.},
  author={Wang, Quan and Wang, Bin and Guo, Li},
  booktitle={IJCAI},
  pages={1859--1866},
  year={2015}
}








%====================================================%
%Tabel

@article{blei2003latent,
  title={Latent dirichlet allocation},
  author={Blei, David M and Ng, Andrew Y and Jordan, Michael I},
  journal={Journal of machine Learning research},
  volume={3},
  number={Jan},
  pages={993--1022},
  year={2003}
}

@article{hotelling1936relations,
  title={Relations between two sets of variates},
  author={Hotelling, Harold},
  journal={Biometrika},
  volume={28},
  number={3/4},
  pages={321--377},
  year={1936},
  publisher={JSTOR}
}

@article{ruder2017survey,
  title={A survey of cross-lingual word embedding models},
  author={Ruder, Sebastian and Vuli{\'c}, Ivan and S{\o}gaard, Anders},
  journal={arXiv preprint arXiv:1706.04902},
  year={2017}
}

@inproceedings{artetxe2016learning,
  title={Learning principled bilingual mappings of word embeddings while preserving monolingual invariance},
  author={Artetxe, Mikel and Labaka, Gorka and Agirre, Eneko},
  booktitle={Proceedings of the 2016 Conference on Empirical Methods in Natural Language Processing},
  pages={2289--2294},
  year={2016}
}

@inproceedings{xing2015normalized,
  title={Normalized word embedding and orthogonal transform for bilingual word translation},
  author={Xing, Chao and Wang, Dong and Liu, Chao and Lin, Yiye},
  booktitle={Proceedings of the 2015 Conference of the North American Chapter of the Association for Computational Linguistics: Human Language Technologies},
  pages={1006--1011},
  year={2015}
}

@inproceedings{zhang2016ten,
  title={Ten Pairs to Tag--Multilingual POS Tagging via Coarse Mapping between Embeddings},
  author={Zhang, Yuan and Gaddy, David and Barzilay, Regina and Jaakkola, Tommi},
  booktitle={Proceedings of NAACL-HLT},
  pages={1307--1317},
  year={2016}
}

@article{mikolov2013exploiting,
  title={Exploiting similarities among languages for machine translation},
  author={Mikolov, Tomas and Le, Quoc V and Sutskever, Ilya},
  journal={arXiv preprint arXiv:1309.4168},
  year={2013}
}

@inproceedings{mikolov2013linguistic,
  title={Linguistic regularities in continuous space word representations},
  author={Mikolov, Tomas and Yih, Wen-tau and Zweig, Geoffrey},
  booktitle={Proceedings of the 2013 Conference of the North American Chapter of the Association for Computational Linguistics: Human Language Technologies},
  pages={746--751},
  year={2013}
}

@inproceedings{joachims2002optimizing,
  title={Optimizing search engines using clickthrough data},
  author={Joachims, Thorsten},
  booktitle={Proceedings of the eighth ACM SIGKDD international conference on Knowledge discovery and data mining},
  pages={133--142},
  year={2002},
  organization={ACM}
}

@inproceedings{luo2015joint,
  title={Joint entity recognition and disambiguation},
  author={Luo, Gang and Huang, Xiaojiang and Lin, Chin-Yew and Nie, Zaiqing},
  booktitle={Proceedings of the 2015 Conference on Empirical Methods in Natural Language Processing},
  pages={879--888},
  year={2015}
}

@inproceedings{nguyen2016joint,
  title={Joint learning of local and global features for entity linking via neural networks},
  author={Nguyen, Thien Huu and Fauceglia, Nicolas and Muro, Mariano Rodriguez and Hassanzadeh, Oktie and Gliozzo, Alfio Massimiliano and Sadoghi, Mohammad},
  booktitle={Proceedings of COLING 2016, the 26th International Conference on Computational Linguistics: Technical Papers},
  pages={2310--2320},
  year={2016}
}

@inproceedings{shen2012linden,
  title={Linden: linking named entities with knowledge base via semantic knowledge},
  author={Shen, Wei and Wang, Jianyong and Luo, Ping and Wang, Min},
  booktitle={Proceedings of the 21st international conference on World Wide Web},
  pages={449--458},
  year={2012},
  organization={ACM}
}

@inproceedings{mihalcea2007wikify,
  title={Wikify!: linking documents to encyclopedic knowledge},
  author={Mihalcea, Rada and Csomai, Andras},
  booktitle={Proceedings of the sixteenth ACM conference on Conference on information and knowledge management},
  pages={233--242},
  year={2007}
}

@inproceedings{eberius2015building,
	title={Building the dresden web table corpus: A classification approach},
	author={Eberius, Julian and Braunschweig, Katrin and Hentsch, Markus and Thiele, Maik and Ahmadov, Ahmad and Lehner, Wolfgang},
	booktitle={Big Data Computing (BDC), 2015 IEEE/ACM 2nd International Symposium on},
	pages={41--50},
	year={2015},
	organization={IEEE}
}

@inproceedings{nishida2017understanding,
	title={Understanding the Semantic Structures of Tables with a Hybrid Deep Neural Network Architecture.},
	author={Nishida, Kyosuke and Sadamitsu, Kugatsu and Higashinaka, Ryuichiro and Matsuo, Yoshihiro},
	booktitle={AAAI},
	pages={168--174},
	year={2017}
}

@article{srivastava2014dropout,
	title={Dropout: a simple way to prevent neural networks from overfitting.},
	author={Srivastava, Nitish and Hinton, Geoffrey E and Krizhevsky, Alex and Sutskever, Ilya and Salakhutdinov, Ruslan},
	journal={Journal of machine learning research},
	volume={15},
	number={1},
	pages={1929--1958},
	year={2014}
}

@article{kingma2014adam,
  title={Adam: A method for stochastic optimization},
  author={Kingma, Diederik and Ba, Jimmy},
  journal={arXiv preprint arXiv:1412.6980},
  year={2014}
}

@inproceedings{socher2013reasoning,
	title={Reasoning with neural tensor networks for knowledge base completion},
	author={Socher, Richard and Chen, Danqi and Manning, Christopher D and Ng, Andrew},
	booktitle={Advances in neural information processing systems},
	pages={926--934},
	year={2013}
}

@inproceedings{socher2013recursive,
	title={Recursive deep models for semantic compositionality over a sentiment treebank},
	author={Socher, Richard and Perelygin, Alex and Wu, Jean and Chuang, Jason and Manning, Christopher D and Ng, Andrew and Potts, Christopher},
	booktitle={Proceedings of the 2013 conference on empirical methods in natural language processing},
	year={2015}
}

@inproceedings{lazaridou2015hubness,
  title={Hubness and pollution: Delving into cross-space mapping for zero-shot learning},
  author={Lazaridou, Angeliki and Dinu, Georgiana and Baroni, Marco},
  booktitle={Proceedings of the 53rd Annual Meeting of the Association for Computational Linguistics and the 7th International Joint Conference on Natural Language Processing (Volume 1: Long Papers)},
  volume={1},
  pages={270--280},
  year={2015}
}

@inproceedings{zou2013bilingual,
  title={Bilingual word embeddings for phrase-based machine translation},
  author={Zou, Will Y and Socher, Richard and Cer, Daniel and Manning, Christopher D},
  booktitle={Proceedings of the 2013 Conference on Empirical Methods in Natural Language Processing},
  pages={1393--1398},
  year={2013}
}

@article{murthy2016sharing,
  title={Sharing network parameters for crosslingual named entity recognition},
  author={Murthy, V and Khapra, Mitesh and Bhattacharyya, Pushpak and others},
  journal={arXiv preprint arXiv:1607.00198},
  year={2016}
}

@inproceedings{gouws2015bilbowa,
  title={Bilbowa: Fast bilingual distributed representations without word alignments},
  author={Gouws, Stephan and Bengio, Yoshua and Corrado, Greg},
  booktitle={International Conference on Machine Learning},
  pages={748--756},
  year={2015}
}

@article{hermann2013multilingual,
  title={Multilingual distributed representations without word alignment},
  author={Hermann, Karl Moritz and Blunsom, Phil},
  journal={arXiv preprint arXiv:1312.6173},
  year={2013}
}

@article{vulic2016bilingual,
  title={Bilingual distributed word representations from document-aligned comparable data},
  author={Vuli{\'c}, Ivan and Moens, Marie-Francine},
  journal={Journal of Artificial Intelligence Research},
  volume={55},
  pages={953--994},
  year={2016}
}

@article{klementiev2012inducing,
  title={Inducing crosslingual distributed representations of words},
  author={Klementiev, Alexandre and Titov, Ivan and Bhattarai, Binod},
  journal={Proceedings of COLING 2012},
  pages={1459--1474},
  year={2012}
}

@inproceedings{faruqui2014improving,
  title={Improving vector space word representations using multilingual correlation},
  author={Faruqui, Manaal and Dyer, Chris},
  booktitle={Proceedings of the 14th Conference of the European Chapter of the Association for Computational Linguistics},
  pages={462--471},
  year={2014}
}

@inproceedings{fang2016entity,
  title={Entity disambiguation by knowledge and text jointly embedding},
  author={Fang, Wei and Zhang, Jianwen and Wang, Dilin and Chen, Zheng and Li, Ming},
  booktitle={Proceedings of The 20th SIGNLL Conference on Computational Natural Language Learning},
  pages={260--269},
  year={2016}
}

@inproceedings{gupta2017entity,
  title={Entity linking via joint encoding of types, descriptions, and context},
  author={Gupta, Nitish and Singh, Sameer and Roth, Dan},
  booktitle={Proceedings of the 2017 Conference on Empirical Methods in Natural Language Processing},
  pages={2681--2690},
  year={2017}
}

@inproceedings{francis2016capturing,
  title={Capturing Semantic Similarity for Entity Linking with Convolutional Neural Networks},
  author={Francis-Landau, Matthew and Durrett, Greg and Klein, Dan},
  booktitle={Proceedings of NAACL-HLT},
  pages={1256--1261},
  year={2016}
}

@inproceedings{sun2015modeling,
	title={Modeling Mention, Context and Entity with Neural Networks for Entity Disambiguation.},
	author={Sun, Yaming and Lin, Lei and Tang, Duyu and Yang, Nan and Ji, Zhenzhou and Wang, Xiaolong},
	booktitle={IJCAI},
	pages={1333--1339},
	year={2015}
}

@article{burges2010ranknet,
  title={From ranknet to lambdarank to lambdamart: An overview},
  author={Burges, Christopher JC},
  journal={Learning},
  volume={11},
  number={23-581},
  pages={81},
  year={2010}
}

@inproceedings{zhang2013cross,
  title={Cross Lingual Entity Linking with Bilingual Topic Model.},
  author={Zhang, Tao and Liu, Kang and Zhao, Jun and others},
  booktitle={IJCAI},
  year={2013}
}

@inproceedings{mikolov2013distributed,
  title={Distributed representations of words and phrases and their compositionality},
  author={Mikolov, Tomas and Sutskever, Ilya and Chen, Kai and Corrado, Greg S and Dean, Jeff},
  booktitle={Advances in neural information processing systems},
  pages={3111--3119},
  year={2013}
}

@inproceedings{burges2005learning,
  title={Learning to rank using gradient descent},
  author={Burges, Chris and Shaked, Tal and Renshaw, Erin and Lazier, Ari and Deeds, Matt and Hamilton, Nicole and Hullender, Greg},
  booktitle={Proceedings of the 22nd international conference on Machine learning},
  pages={89--96},
  year={2005},
  organization={ACM}
}

@article{sil2017neural,
  title={Neural cross-lingual entity linking},
  author={Sil, Avirup and Kundu, Gourab and Florian, Radu and Hamza, Wael},
  journal={arXiv preprint arXiv:1712.01813},
  year={2017}
}

@inproceedings{sil2016one,
  title={One for All: Towards Language Independent Named Entity Linking},
  author={Sil, Avirup and Florian, Radu},
  booktitle={Proceedings of the 54th Annual Meeting of the Association for Computational Linguistics (Volume 1: Long Papers)},
  volume={1},
  pages={2255--2264},
  year={2016}
}

@inproceedings{tsai2016cross,
  title={Cross-lingual wikification using multilingual embeddings},
  author={Tsai, Chen-Tse and Roth, Dan},
  booktitle={Proceedings of NAACL-HLT},
  pages={589--598},
  year={2016}
}

@inproceedings{mcnamee2011cross,
  title={Cross-Language Entity Linking.},
  author={McNamee, Paul and Mayfield, James and Lawrie, Dawn and Oard, Douglas W and Doermann, David S},
  booktitle={IJCNLP},
  pages={255--263},
  year={2011}
}

@article{limaye2010annotating,
  title={Annotating and searching web tables using entities, types and relationships},
  author={Limaye, Girija and Sarawagi, Sunita and Chakrabarti, Soumen},
  journal={Proceedings of the VLDB Endowment},
  volume={3},
  number={1-2},
  pages={1338--1347},
  year={2010},
  publisher={VLDB Endowment}
}

@inproceedings{bhagavatula2015tabel,
  title={TabEL: entity linking in web tables},
  author={Bhagavatula, Chandra Sekhar and Noraset, Thanapon and Downey, Doug},
  booktitle={International Semantic Web Conference},
  pages={425--441},
  year={2015},
  organization={Springer}
}

@inproceedings{wang2012understanding,
  title={Understanding tables on the web},
  author={Wang, Jingjing and Wang, Haixun and Wang, Zhongyuan and Zhu, Kenny Q},
  booktitle={International Conference on Conceptual Modeling},
  pages={141--155},
  year={2012},
  organization={Springer}
}

@article{cafarella2008webtables,
  title={Webtables: exploring the power of tables on the web},
  author={Cafarella, Michael J and Halevy, Alon and Wang, Daisy Zhe and Wu, Eugene and Zhang, Yang},
  journal={Proceedings of the VLDB Endowment},
  volume={1},
  number={1},
  pages={538--549},
  year={2008},
  publisher={VLDB Endowment}
}

@inproceedings{wu2016entity,
  title={Entity Linking in Web Tables with Multiple Linked Knowledge Bases},
  author={Wu, Tianxing and Yan, Shengjia and Piao, Zhixin and Xu, Liang and Wang, Ruiming and Qi, Guilin},
  booktitle={Joint International Semantic Technology Conference},
  pages={239--253},
  year={2016},
  organization={Springer}
}

@article{pasca2006using,
  title={Using Encyclopedic Knowledge for Named Entity Disambiguation},
  author={Pasca, Razvan Bunescu And Marius},
  year={2006}}

@article{cucerzan2007large-scale,
  title={Large-Scale Named Entity Disambiguation Based on Wikipedia Data.},
  author={Cucerzan, Silviu},
  year={2007}}

@article{milne2008learning,
  title={Learning to link with wikipedia},
  author={Milne, David and Witten, Ian H},
  pages={509--518},
  year={2008}}

@inproceedings{syed2010exploiting,
  title={Exploiting a web of semantic data for interpreting tables},
  author={Syed, Zareen and Finin, Tim and Mulwad, Varish and Joshi, Anupam},
  booktitle={Proceedings of the Second Web Science Conference},
  volume={5},
  year={2010}
}

@inproceedings{syed2008wikitology,
  title={Wikitology: Using wikipedia as an ontology},
  author={Syed, Zareen Saba and Finin, Tim and Joshi, Anupam},
  booktitle={proceeding of the second international conference on Weblogs and Social Media},
  year={2008}
}

@inproceedings{irvine2010transliterating,
  title={Transliterating from all languages},
  author={Irvine, Ann and Callison-Burch, Chris and Klementiev, Alexandre},
  booktitle={Proceedings of the Conference of the Association for Machine Translation in the Americas (AMTA)},
  year={2010}
}

@inproceedings{han2009named,
  title={Named entity disambiguation by leveraging wikipedia semantic knowledge},
  author={Han, Xianpei and Zhao, Jun},
  booktitle={Proceedings of the 18th ACM conference on Information and knowledge management},
  pages={215--224},
  year={2009},
  organization={ACM}
}

@inproceedings{zhang2011wikipedia,
  title={A Wikipedia-LDA Model for Entity Linking with Batch Size Changing Instance Selection.},
  author={Zhang, Wei and Su, Jian and Tan, Chew Lim},
  booktitle={IJCNLP},
  pages={562--570},
  year={2011}
}

@inproceedings{ibrahim2016making,
  title={Making Sense of Entities and Quantities in Web Tables},
  author={Ibrahim, Yusra and Riedewald, Mirek and Weikum, Gerhard},
  booktitle={Proceedings of the 25th ACM International on Conference on Information and Knowledge Management},
  pages={1703--1712},
  year={2016},
  organization={ACM}
}

@inproceedings{munoz2014using,
  title={Using linked data to mine RDF from wikipedia's tables},
  author={Mu{\~n}oz, Emir and Hogan, Aidan and Mileo, Alessandra},
  booktitle={Proceedings of the 7th ACM international conference on Web search and data mining},
  pages={533--542},
  year={2014},
  organization={ACM}
}

@inproceedings{sekhavat2014knowledge,
  title={Knowledge Base Augmentation using Tabular Data.},
  author={Sekhavat, Yoones A and Di Paolo, Francesco and Barbosa, Denilson and Merialdo, Paolo},
  booktitle={LDOW},
  year={2014}
}

@inproceedings{fahrni2011hits,
  title={HITS'Cross-lingual Entity Linking System at TAC 2011: One Model for All Languages.},
  author={Fahrni, Angela and Strube, Michael},
  booktitle={TAC},
  year={2011}
}

@inproceedings{wang2015language,
  title={Language and Domain Independent Entity Linking with Quantified Collective Validation.},
  author={Wang, Han and Zheng, Jinguang and Ma, Xiaogang and Fox, Peter and Ji, Heng},
  booktitle={EMNLP},
  pages={695--704},
  year={2015}
}

@inproceedings{ji2010overview,
  title={Overview of the TAC 2010 knowledge base population track},
  author={Ji, Heng and Grishman, Ralph and Dang, Hoa Trang and Griffitt, Kira and Ellis, Joe},
  booktitle={Third Text Analysis Conference (TAC 2010)},
  volume={3},
  number={2},
  pages={3--3},
  year={2010}
}

@inproceedings{ji2014overview,
  title={Overview of tac-kbp2014 entity discovery and linking tasks},
  author={Ji, Heng and Nothman, Joel and Hachey, Ben},
  booktitle={Proc. Text Analysis Conference (TAC2014)},
  pages={1333--1339},
  year={2014}
}

@inproceedings{ji2015overview,
  title={Overview of tac-kbp2015 tri-lingual entity discovery and linking},
  author={Ji, Heng and Nothman, Joel and Hachey, Ben and Florian, Radu},
  booktitle={Proceedings of the Eighth Text Analysis Conference (TAC2015)},
  year={2015}
}

@article{cano2014microposts2014,
  title={microposts2014 neel challenge: Measuring the performance of entity linking systems in social streams},
  author={Cano, Amparo Elizabeth and Rizzo, Giuseppe and Varga, Andrea and Rowe, Matthew and Stankovic, Milan and Dadzie, Aba-Sah},
  journal={Proc. of the Microposts2014 NEEL Challenge},
  year={2014}
}

@inproceedings{carmel2014erd,
  title={ERD'14: entity recognition and disambiguation challenge},
  author={Carmel, David and Chang, Ming-Wei and Gabrilovich, Evgeniy and Hsu, Bo-June Paul and Wang, Kuansan},
  booktitle={ACM SIGIR Forum},
  volume={48},
  number={2},
  pages={63--77},
  year={2014},
  organization={ACM}
}


@techreport{page1999pagerank,
  title={The PageRank citation ranking: Bringing order to the web.},
  author={Page, Lawrence and Brin, Sergey and Motwani, Rajeev and Winograd, Terry},
  year={1999},
  institution={Stanford InfoLab}
}

@inproceedings{cai2013wikification,
  title={Wikification via link co-occurrence},
  author={Cai, Zhiyuan and Zhao, Kaiqi and Zhu, Kenny Q and Wang, Haixun},
  booktitle={Proceedings of the 22nd ACM international conference on Conference on information \& knowledge management},
  pages={1087--1096},
  year={2013},
  organization={ACM}
}






%=====================================================%
%CompQA

@article{cho2014properties,
	title={On the properties of neural machine translation: Encoder-decoder approaches},
	author={Cho, Kyunghyun and Van Merri{\"e}nboer, Bart and Bahdanau, Dzmitry and Bengio, Yoshua},
	journal={Proceedings of SSST-8},
    pages={103--111},
	year={2014}
}

@inproceedings{pennington2014glove,
  title={Glove: Global vectors for word representation},
  author={Pennington, Jeffrey and Socher, Richard and Manning, Christopher},
  booktitle={EMNLP},
  pages={1532--1543},
  year={2014}
}


@article{cui2017kbqa,
  title={KBQA: learning question answering over QA corpora and knowledge bases},
  author={Cui, Wanyun and Xiao, Yanghua and Wang, Haixun and Song, Yangqiu and Hwang, Seung-won and Wang, Wei},
  journal={Proceedings of the VLDB Endowment},
  volume={10},
  number={5},
  pages={565--576},
  year={2017}
}

@article{hu2018answering,
  title={Answering Natural Language Questions by Subgraph Matching over Knowledge Graphs},
  author={Hu, Sen and Zou, Lei and Yu, Jeffrey Xu and Wang, Haixun and Zhao, Dongyan},
  journal={IEEE Transactions on Knowledge and Data Engineering},
  volume={30},
  number={5},
  pages={824--837},
  year={2018}
}

@inproceedings{chen2017reading,
  title={Reading Wikipedia to Answer Open-Domain Questions},
  author={Chen, Danqi and Fisch, Adam and Weston, Jason and Bordes, Antoine},
  booktitle={Proceedings of the 55th Annual Meeting of the Association for Computational Linguistics (Volume 1: Long Papers)},
  volume={1},
  pages={1870--1879},
  year={2017}
}

@article{seo2016bidirectional,
  title={Bidirectional attention flow for machine comprehension},
  author={Seo, Minjoon and Kembhavi, Aniruddha and Farhadi, Ali and Hajishirzi, Hannaneh},
  journal={arXiv preprint arXiv:1611.01603},
  year={2016}
}

@inproceedings{yao2015lean,
  title={Lean question answering over freebase from scratch},
  author={Yao, Xuchen},
  booktitle={NAACL},
  pages={66--70},
  year={2015}
}

@inproceedings{yin2016simple,
  title={Simple Question Answering by Attentive Convolutional Neural Network},
  author={Yin, Wenpeng and Yu, Mo and Xiang, Bing and Zhou, Bowen and Sch{\"u}tze, Hinrich},
  booktitle={COLING},
  pages={1746--1756},
  year={2016}
}

@inproceedings{savenkov2016knowledge,
  title={When a knowledge base is not enough: Question answering over knowledge bases with external text data},
  author={Savenkov, Denis and Agichtein, Eugene},
  booktitle={SIGIR},
  pages={235--244},
  year={2016},
}

@inproceedings{abujabal2017automated,
  title={Automated template generation for question answering over knowledge graphs},
  author={Abujabal, Abdalghani and Yahya, Mohamed and Riedewald, Mirek and Weikum, Gerhard},
  booktitle={WWW},
  pages={1191--1200},
  year={2017}
}

@inproceedings{talmor2018web,
  title={The Web as a Knowledge-base for Answering Complex Questions},
  author={Talmor, Alon and Berant, Jonathan},
  booktitle={NAACL-HLT},
  year={2018}
}

@inproceedings{jain2016question,
  title={Question answering over knowledge base using factual memory networks},
  author={Jain, Sarthak},
  booktitle={Proceedings of the NAACL Student Research Workshop},
  pages={109--115},
  year={2016}
}

@article{reddy2016transforming,
  title={Transforming dependency structures to logical forms for semantic parsing},
  author={Reddy, Siva and T{\"a}ckstr{\"o}m, Oscar and Collins, Michael and Kwiatkowski, Tom and Das, Dipanjan and Steedman, Mark and Lapata, Mirella},
  journal={Transactions of the Association for Computational Linguistics},
  volume={4},
  pages={127--140},
  year={2016}
}

@inproceedings{bast2015more,
  title={More accurate question answering on freebase},
  author={Bast, Hannah and Haussmann, Elmar},
  booktitle={CIKM},
  pages={1431--1440},
  year={2015}
}


@article{berant2015imitation,
  title={Imitation learning of agenda-based semantic parsers},
  author={Berant, Jonathan and Liang, Percy},
  journal={Transactions of the Association for Computational Linguistics},
  volume={3},
  pages={545--558},
  year={2015}
}

@inproceedings{berant2014semantic,
  title={Semantic parsing via paraphrasing},
  author={Berant, Jonathan and Liang, Percy},
  booktitle={ACL},
  pages={1415--1425},
  year={2014}
}

@inproceedings{hao2017end,
	title={An End-to-End Model for Question Answering over Knowledge Base with Cross-Attention Combining Global Knowledge},
	author={Hao, Yanchao and Zhang, Yuanzhe and Liu, Kang and He, Shizhu and Liu, Zhanyi and Wu, Hua and Zhao, Jun},
	booktitle={ACL},
	pages={221--231},
	year={2017}
}

@article{yin2016abcnn,
  title={ABCNN: Attention-Based Convolutional Neural Network for Modeling Sentence Pairs},
  author={Yin, Wenpeng and Sch{\"u}tze, Hinrich and Xiang, Bing and Zhou, Bowen},
  journal={Transactions of the Association of Computational Linguistics},
  volume={4},
  number={1},
  pages={259--272},
  year={2016}
}

@article{luong2015effective,
	title={Effective approaches to attention-based neural machine translation},
	author={Luong, Minh-Thang and Pham, Hieu and Manning, Christopher D},
	journal={EMNLP},
	year={2015}
}

@inproceedings{bahdanau2014neural,
	title={Neural machine translation by jointly learning to align and translate},
	author={Bahdanau, Dzmitry and Cho, Kyunghyun and Bengio, Yoshua},
	booktitle={ICLR},
	year={2015}
}

@article{gabrilovich2013facc1,
  title={FACC1: Freebase annotation of ClueWeb corpora, Version 1 (Release date 2013-06-26, Format version 1, Correction level 0)},
  author={Gabrilovich, Evgeniy and Ringgaard, Michael and Subramanya, Amarnag},
  journal={Note: http://lemurproject. org/clueweb09/FACC1/Cited by},
  volume={5},
  year={2013}
}

@inproceedings{andreas2016learning,
  title={Learning to Compose Neural Networks for Question Answering},
  author={Andreas, Jacob and Rohrbach, Marcus and Darrell, Trevor and Klein, Dan},
  booktitle={NAACL-HLT},
  pages={1545--1554},
  year={2016}
}

@inproceedings{bordes2011learning,
  title={Learning Structured Embeddings of Knowledge Bases.},
  author={Bordes, Antoine and Weston, Jason and Collobert, Ronan and Bengio, Yoshua and others},
  booktitle={AAAI},
  volume={6},
  number={1},
  pages={6},
  year={2011}
}

@article{bordes2015large,
  title={Large-scale simple question answering with memory networks},
  author={Bordes, Antoine and Usunier, Nicolas and Chopra, Sumit and Weston, Jason},
  journal={arXiv preprint arXiv:1506.02075},
  year={2015}
}

@inproceedings{bordes2014open,
  title={Open question answering with weakly supervised embedding models},
  author={Bordes, Antoine and Weston, Jason and Usunier, Nicolas},
  booktitle={Joint European Conference on Machine Learning and Knowledge Discovery in Databases},
  pages={165--180},
  year={2014},
  organization={Springer}
}

@inproceedings{gardner2017open,
  title={Open-Vocabulary Semantic Parsing with both Distributional Statistics and Formal Knowledge.},
  author={Gardner, Matt and Krishnamurthy, Jayant},
  booktitle={AAAI},
  pages={3195--3201},
  year={2017}
}
@article{golub2016character,
  title={Character-level question answering with attention},
  author={Golub, David and He, Xiaodong},
  journal={Proceedings of the 2016 Conference on Empirical Methods in Natural Language Processing},
  year={2016}
}

@inproceedings{yu2017improved,
  title={Improved Neural Relation Detection for Knowledge Base Question Answering},
  author={Yu, Mo and Yin, Wenpeng and Hasan, Kazi Saidul and dos Santos, Cicero and Xiang, Bing and Zhou, Bowen},
  booktitle={ACL},
  pages={571--581},
  year={2017}
}

@inproceedings{yih2015semantic,
  title={Semantic Parsing via Staged Query Graph Generation: Question Answering with Knowledge Base},
  author={Yih, Wen-tau and Chang, Ming-Wei and He, Xiaodong and Gao, Jianfeng},
  booktitle={ACL-IJCNLP},
  pages={1321--1331},
  year={2015}
}

@inproceedings{bao2016constraint,
  title={Constraint-Based Question Answering with Knowledge Graph.},
  author={Bao, Jun-Wei and Duan, Nan and Yan, Zhao and Zhou, Ming and Zhao, Tiejun},
  booktitle={COLING},
  pages={2503--2514},
  year={2016}
}

@inproceedings{yih2014semantic,
  title={Semantic parsing for single-relation question answering},
  author={Yih, Wen-tau and He, Xiaodong and Meek, Christopher},
  booktitle={ACL},
  volume={2},
  pages={643--648},
  year={2014}
}


@inproceedings{wang2016inner,
  title={Inner Attention based Recurrent Neural Networks for Answer Selection.},
  author={Wang, Bingning and Liu, Kang and Zhao, Jun},
  booktitle={ACL (1)},
  year={2016}
}

@inproceedings{clark2016combining,
  title={Combining Retrieval, Statistics, and Inference to Answer Elementary Science Questions.},
  author={Clark, Peter and Etzioni, Oren and Khot, Tushar and Sabharwal, Ashish and Tafjord, Oyvind and Turney, Peter D and Khashabi, Daniel},
  booktitle={AAAI},
  pages={2580--2586},
  year={2016}
}

@inproceedings{xu2016question,
  title={Question Answering on Freebase via Relation Extraction and Textual Evidence},
  author={Xu, Kun and Reddy, Siva and Feng, Yansong and Huang, Songfang and Zhao, Dongyan},
  booktitle={ACL},
  pages={2326--2336},
  year={2016}
}

@inproceedings{dong2015question,
  title={Question Answering over Freebase with Multi-Column Convolutional Neural Networks.},
  author={Dong, Li and Wei, Furu and Zhou, Ming and Xu, Ke},
  booktitle={ACL (1)},
  pages={260--269},
  year={2015}
}

@article{yin2017type,
  title={Type-Aware Question Answering over Knowledge Base with Attention-Based Tree-Structured Neural Networks},
  author={Yin, Jun and Zhao, Wayne Xin and Li, Xiao-Ming},
  journal={Journal of Computer Science and Technology},
  volume={32},
  number={4},
  pages={805--813},
  year={2017},
  publisher={Springer}
}

@inproceedings{vaswani2017attention,
  title={Attention is all you need},
  author={Vaswani, Ashish and Shazeer, Noam and Parmar, Niki and Uszkoreit, Jakob and Jones, Llion and Gomez, Aidan N and Kaiser, {\L}ukasz and Polosukhin, Illia},
  booktitle={Advances in Neural Information Processing Systems},
  pages={6000--6010},
  year={2017}
}

@inproceedings{yao2014information,
  title={Information extraction over structured data: Question answering with freebase},
  author={Yao, Xuchen and Van Durme, Benjamin},
  booktitle={ACL},
  pages={956--966},
  year={2014}
}

@article{qu2018question,
  title={Question Answering over Freebase via Attentive RNN with Similarity Matrix based CNN},
  author={Qu, Yingqi and Liu, Jie and Kang, Liangyi and Shi, Qinfeng and Ye, Dan},
  journal={arXiv preprint arXiv:1804.03317},
  year={2018}
}

@inproceedings{yang2015s,
  title={S-MART: Novel Tree-based Structured Learning Algorithms Applied to Tweet Entity Linking},
  author={Yang, Yi and Chang, Ming-Wei},
  booktitle={ACL-IJCNLP},
  pages={504--513},
  year={2015}
}

@inproceedings{unger2012template,
  title={Template-based question answering over RDF data},
  author={Unger, Christina and B{\"u}hmann, Lorenz and Lehmann, Jens and Ngonga Ngomo, Axel-Cyrille and Gerber, Daniel and Cimiano, Philipp},
  booktitle={WWW},
  pages={639--648},
  year={2012},
  organization={ACM}
}

@inproceedings{lukovnikov2017neural,
  title={Neural network-based question answering over knowledge graphs on word and character level},
  author={Lukovnikov, Denis and Fischer, Asja and Lehmann, Jens and Auer, S{\"o}ren},
  booktitle={Proceedings of the 26th international conference on World Wide Web},
  pages={1211--1220},
  year={2017},
  organization={International World Wide Web Conferences Steering Committee}
}









%=====================================================%
%Default


@book{Meta_CN,
  title = {电磁超介质及其应用},
  address = {北京},
  publisher = {国防工业出版社},
  year = {2008},
  author = {崔万照 and 马伟 and 邱乐德 and 张洪太}
}

@book{JohnD,
  title = {Photonic Crystals: Molding the Flow of Light},
  publisher = {Princeton University Press},
  year = {2008},
  author = {Joannopoulos, J. D. and Johnson, S. G. and Winn, J. N.}
}

@book{IEEE-1363,
  author={IEEE Std 1363-2000},
  title={IEEE Standard Specifications for Public-Key Cryptography},
  address={New York},
  publisher={IEEE},
  year={2000}
}

@article{chen2007act,
  author = {Chen, H. and Chan, C. T.},
  title = {Acoustic cloaking in three dimensions using acoustic metamaterials},
  journal = {Applied Physics Letters},
  year = {2007},
  volume = {91},
  pages = {183518},
  publisher = {AIP}
}

@article{chen2007ewi,
  author = {Chen, H. and Wu, B. I. and Zhang, B. and Kong, J. A.},
  title = {Electromagnetic Wave Interactions with a Metamaterial Cloak},
  journal = {Physical Review Letters},
  year = {2007},
  volume = {99},
  pages = {63903},
  number = {6},
  publisher = {APS}
}


@inproceedings{kocher99,
  author={C. Kocher and J. Jaffe and B. Jun},
  title={Differential Power Analysis},
  editor={M. Wiener},
  booktitle={Advances in Cryptology ({CRYPTO}~'99)},
  series={Lecture Notes in Computer Science},
  volume={1666},
  pages={388-397},
  publisher={Springer-Verlag},
  month={9},
  year={1999}
}

@incollection{Krasnogor2004e,
  AUTHOR = {N. Krasnogor},
  TITLE = {Towards robust memetic algorithms},
  BOOKTITLE = {Recent Advances in Memetic Algorithms},
  PUBLISHER = {Springer Berlin Heidelberg},
  YEAR = {2004},
  PAGES = {185-207},
  EDITOR = {W.E. Hart and N. Krasnogor and J.E. Smith},
  VOLUME = {166},
  SERIES = {Studies in Fuzziness and Soft Computing},  
  ADDRESS = {New York},  
}

@incollection{zjsw,
  AUTHOR = {班固},
  TITLE = {苏武传},
  BOOKTITLE = {传记散文英华},
  PUBLISHER = {湖北人民出版社},
  YEAR = {1998},  
  PAGES = {65-69},
  EDITOR = {郑在瀛 and 汪超宏 and 周文复},
  VOLUME = {2},
  SERIES = {新古文观止丛书},  
  ADDRESS = {武汉},
}


@inbook{clzs,
  AUTHOR = {阎真},
  TITLE = {沧浪之水},
  CHAPTER = {大人物还是讲人情的},
  PAGES = {185-207},
  PUBLISHER = {人民文学出版社},
  YEAR = {2001},
}

@book{tex,
 author    = {Donald E. Knuth},
 title     = {The {\TeX} Book},
 publisher = {Addison-Wesley Publishing Company},
 address   = {Reading, MA},
 year      = 1989,
 edition   = {15th},
}

@book{companion,
 author    = {Michel Goosens and Frank Mittelbach and Alexander Samarin},
 title     = {The {\LaTeX} Companion},
 publisher = {Addison-Wesley Publishing Company},
 address   = {Reading, MA},
 PAGES = {112--125},
 year      = 1994,
}

@article{ELIDRISSI94,
  AUTHOR =       {{Chafik El Idrissi}, M. and {Roney}, A. and {Frigon}, C. and
                  {Larzilli{\`e}re}, M.},
  TITLE =        {Measurements of total kinetic-energy released to the {$N=2$}
                  dissociation limit of {H}$_2$ --- evidence of the dissociation
                  of very high vibrational {R}ydberg states of {H}$_2$ by
                  doubly-excited states},
  JOURNAL =      {Chemical Physics Letters},
  PAGES =        {260-266},
  VOLUME =       224,
  NUMBER =       10,
  YEAR =         1994,
}

@ARTICLE{MELLINGER96,
  AUTHOR =       {Mellinger, A. and Vidal, C. R. and Jungen, Ch.},
  TITLE =        {Laser reduced fluorescence study of the carbon-monoxide nd
                  triplet {R}ydberg series-experimental results and multichannel
                  quantum-defect analysis},
  JOURNAL =      {J. Chem. Phys.},
  PAGES =        {8913-8921},
  VOLUME =       104,
  NUMBER =       5,
  YEAR =         1996,
}

@ARTICLE{SHELL02,
  AUTHOR =       {Michael Shell},
  TITLE =        {How to Use the {IEEEtran \LaTeX} Class},
  JOURNAL =      {Journal of {\LaTeX} Class Files},
  YEAR =         2002,
  VOLUME =       12,
  NUMBER =       4,
  PAGES =        {100--120}
}

@TechReport{NPB2,
  title =        {The {NAS} Parallel Benchmarks 2.0},
  author =       {Alex Woo and David Bailey and Maurice Yarrow and Wijngaart
                  Wijngaart and Tim Harris and William Saphir},
  year =         1995,
  month =        12,
  institution =  {The Pennsylvania State University CiteSeer Archives},
  url =          {http://www.nasa.org/}
}

@INPROCEEDINGS{DPMG,
  author =       {Kim, Sangbum and Woo, Namyoon and Yeom, Heon Y. and Park,
                  Taesoon and Park, Hyoungwoo},
  title =        {Design and {I}mplementation of {D}ynamic {P}rocess
                  {M}anagement for {G}rid-enabled {MPICH}},
  booktitle =    {the 10th European PVM/MPI Users' Group Conference},
  year =         2003,
  address =      {Venice, Italy},
  month =        sep,
}

@INPROCEEDINGS{cnproceed,
  author =       {王重阳 and 黄药师 and 欧阳峰 and 洪七公 and 段皇帝},
  title =        {武林高手论文集},
  booktitle =    {第~$N$~次华山论剑},
  year =         2006,
  address =      {西安, 中国},
  publisher = {中国古籍出版社},
  month =        sep,
}

@ARTICLE{cnarticle,
  AUTHOR =       {贾宝玉 and 林黛玉 and 薛宝钗 and 贾探春},
  TITLE =        {论刘姥姥食量大如牛之现实意义},
  JOURNAL =      {红楼梦杂谈},
  PAGES =        {260--266},
  VOLUME =       224,
  YEAR =         1800,
}

@thesis{zhubajie,
  author =       {猪八戒},
  title =        {论流体食物的持久保存},
  school =       {广寒宫大学},
  year =         2005,
  address =      {北京},
}

@thesis{shaheshang,
  title =        {论流沙河的综合治理},
  author =       {沙和尚},
  school =       {清华大学},
  year =         2005,
  address =      {北京},
}

@thesis{metamori2004,
  author =       {Ashwin Raju Jeyakumar},
  title =        {Metamori: A library for Incremental File Checkpointing},
  school =       {Virgina Tech},
  year =         2004,
  month =        7,
  address =      {Blacksburg},
}

@thesis{FistSystem01,
  AUTHOR =       {Erez Zadok},
  TITLE =        {FiST: A System for Stackable File System Code Generation},
  YEAR =         2001,
  MONTH =        {5},
  SCHOOL =       {Computer Science Department, Columbia University},
  ADDRESS =      {USA}
}

@INBOOK{ColdSources,
  AUTHOR =       {P. Gr{\"o}ning and L. Nilsson and P. Ruffieux and R.
                  Clergereaux and O. Gr{\"o}ning},
  TITLE =        {Encyclopedia of Nanoscience and Nanotechnology},
  pages =        {547--579},
  PUBLISHER =    {American Scientific Publishers},
  YEAR =         2004,
  volume =       1,
}

@phdthesis{bai2008,
	title={信用风险传染模型和信用衍生品的定价},
	author={白云芬},
	year={2008},
	school={上海交通大学},
	address={上海},
}


%萧钰.出版业信息化迈人快车道[EB/OL]. (2001-12-19)[2002-04-15]. http://www.creader.com/news/20011219/200112190019. html.
@article{xiaoyu2001,
  author =       {萧钰},
  title =        {出版业信息化迈人快车道},
  year =         {2001},
  TypeofLit =    {EB/OL},
  modifydate =   {2001-12-19},
  citedate =     {2002-04-15},
  url =          {http://www.creader.com/news/20011219/200112190019.html},
}

% 在线析出文献
@article{CHRISTINE1998,
  author =       {Christine, Mlot},
  title =        {Plant physiology: plant biology in the Genome Era},
  journal =      {Science},
  volume =       {281},
  pages =        {331-332},
  year =         {1998},
  TypeofLit =    {J/OL},
  citedate =     {1998-09-23},
  url =           {http://www.sciencemag.org/cgi/collection/anatmorp},
}

@book{RManual,
        Address = {Vienna, Austria},
        Author = {{R Core Team}},
        Note = {{ISBN} 3-900051-07-0},
        Organization = {R Foundation for Statistical Computing},
        title = {R: A Language and Environment for Statistical Computing},
        url = {http://www.R-project.org/},
        Year = {2012},
}

@inproceedings{luo2015inferring,
  title={Inferring binary relation schemas for open information extraction},
  author={Luo, Kangqi and Luo, Xusheng and Zhu, Kenny},
  booktitle={EMNLP},
  pages={555--560},
  year={2015}
}

@inproceedings{luo2018cross,
  title={Cross-Lingual Entity Linking for Web Tables.},
  author={Luo, Xusheng and Luo, Kangqi and Chen, Xianyang and Zhu, Kenny Q},
  booktitle={AAAI},
  pages={362--369},
  year={2018}
}

@inproceedings{luo2017data,
  title={A data-driven approach to infer knowledge base representation for natural language relations},
  author={Luo, Kangqi and Luo, Xusheng and Chen, Xianyang and Zhu, Kenny Q},
  booktitle={Proceedings of the 26th International Joint Conference on Artificial Intelligence},
  pages={1174--1180},
  year={2017},
  organization={AAAI Press}
}

@inproceedings{luo2018knowledge,
  title={Knowledge Base Question Answering via Encoding of Complex Query Graphs},
  author={Luo, Kangqi and Lin, Fengli and Luo, Xusheng and Zhu, Kenny},
  booktitle={Proceedings of the 2018 Conference on Empirical Methods in Natural Language Processing},
  pages={2185--2194},
  year={2018}
}
