@inproceedings{zhang2013cross,
  title={Cross Lingual Entity Linking with Bilingual Topic Model.},
  author={Zhang, Tao and Liu, Kang and Zhao, Jun and others},
  booktitle={IJCAI 2013},
  year={2013}
}

@inproceedings{bhagavatula2015tabel,
  title={TabEL: entity linking in web tables},
  author={Bhagavatula, Chandra Sekhar and Noraset, Thanapon and Downey, Doug},
  booktitle={ISWC 2015},
  year={2015}
}

@inproceedings{wu2016entity,
  title={Entity Linking in Web Tables with Multiple Linked Knowledge Bases},
  author={Wu, Tianxing and Yan, Shengjia and Piao, Zhixin and Xu, Liang and Wang, Ruiming and Qi, Guilin},
  booktitle={JIST 2016},
  year={2016}
}
