@inproceedings{li2016diversity,
 address = {San Diego, California},
 author = {Li, Jiwei  and
Galley, Michel  and
Brockett, Chris  and
Gao, Jianfeng  and
Dolan, Bill},
 booktitle = {Proceedings of the 2016 Conference of the North {A}merican Chapter of the Association for Computational Linguistics: Human Language Technologies},
 doi = {10.18653/v1/N16-1014},
 pages = {110--119},
 publisher = {Association for Computational Linguistics},
 title = {A Diversity-Promoting Objective Function for Neural Conversation Models},
 url = {https://aclanthology.org/N16-1014},
 year = {2016}
}

@article{van2008visualizing,
 author = {Van der Maaten, Laurens and Hinton, Geoffrey},
 journal = {Journal of machine learning research},
 number = {11},
 title = {Visualizing data using t-SNE.},
 volume = {9},
 year = {2008}
}

@inproceedings{gehman2020realtoxicityprompts,
 address = {Online},
 author = {Gehman, Samuel  and
Gururangan, Suchin  and
Sap, Maarten  and
Choi, Yejin  and
Smith, Noah A.},
 booktitle = {Findings of the Association for Computational Linguistics: EMNLP 2020},
 doi = {10.18653/v1/2020.findings-emnlp.301},
 pages = {3356--3369},
 publisher = {Association for Computational Linguistics},
 title = {{R}eal{T}oxicity{P}rompts: Evaluating Neural Toxic Degeneration in Language Models},
 url = {https://aclanthology.org/2020.findings-emnlp.301},
 year = {2020}
}

@inproceedings{arora2022director,
 author = {Arora, Kushal and Shuster, Kurt and Sukhbaatar, Sainbayar and Weston, Jason},
 booktitle = {Proceedings of the 2nd Conference of the Asia-Pacific Chapter of the Association for Computational Linguistics and the 12th International Joint Conference on Natural Language Processing},
 pages = {512--526},
 title = {Director: Generator-Classifiers For Supervised Language Modeling},
 year = {2022}
}

@inproceedings{yang2021fudge,
 address = {Online},
 author = {Yang, Kevin  and
Klein, Dan},
 booktitle = {Proceedings of the 2021 Conference of the North American Chapter of the Association for Computational Linguistics: Human Language Technologies},
 doi = {10.18653/v1/2021.naacl-main.276},
 pages = {3511--3535},
 publisher = {Association for Computational Linguistics},
 title = {{FUDGE}: Controlled Text Generation With Future Discriminators},
 url = {https://aclanthology.org/2021.naacl-main.276},
 year = {2021}
}

@inproceedings{krause2021gedi,
 address = {Punta Cana, Dominican Republic},
 author = {Krause, Ben  and
Gotmare, Akhilesh Deepak  and
McCann, Bryan  and
Keskar, Nitish Shirish  and
Joty, Shafiq  and
Socher, Richard  and
Rajani, Nazneen Fatema},
 booktitle = {Findings of the Association for Computational Linguistics: EMNLP 2021},
 doi = {10.18653/v1/2021.findings-emnlp.424},
 pages = {4929--4952},
 publisher = {Association for Computational Linguistics},
 title = {{G}e{D}i: Generative Discriminator Guided Sequence Generation},
 url = {https://aclanthology.org/2021.findings-emnlp.424},
 year = {2021}
}

@inproceedings{lin2021plug,
 author = {Lin, Zhiyu and Riedl, Mark O},
 booktitle = {Proceedings of the AAAI Conference on Artificial Intelligence and Interactive Digital Entertainment},
 number = {1},
 pages = {58--65},
 title = {Plug-and-blend: a framework for plug-and-play controllable story generation with sketches},
 volume = {17},
 year = {2021}
}

@inproceedings{qian2022controllable,
 address = {Dublin, Ireland},
 author = {Qian, Jing  and
Dong, Li  and
Shen, Yelong  and
Wei, Furu  and
Chen, Weizhu},
 booktitle = {Findings of the Association for Computational Linguistics: ACL 2022},
 doi = {10.18653/v1/2022.findings-acl.229},
 pages = {2912--2924},
 publisher = {Association for Computational Linguistics},
 title = {Controllable Natural Language Generation with Contrastive Prefixes},
 url = {https://aclanthology.org/2022.findings-acl.229},
 year = {2022}
}

@article{gu2022distributional,
 author = {Gu, Yuxuan and Feng, Xiaocheng and Ma, Sicheng and Zhang, Lingyuan and Gong, Heng and Qin, Bing},
 journal = {ArXiv preprint},
 title = {A Distributional Lens for Multi-Aspect Controllable Text Generation},
 url = {https://arxiv.org/abs/2210.02889},
 volume = {abs/2210.02889},
 year = {2022}
}

@inproceedings{dathathri2019plug,
 author = {Sumanth Dathathri and
Andrea Madotto and
Janice Lan and
Jane Hung and
Eric Frank and
Piero Molino and
Jason Yosinski and
Rosanne Liu},
 bibsource = {dblp computer science bibliography, https://dblp.org},
 biburl = {https://dblp.org/rec/conf/iclr/DathathriMLHFMY20.bib},
 booktitle = {8th International Conference on Learning Representations, {ICLR} 2020,
Addis Ababa, Ethiopia, April 26-30, 2020},
 publisher = {OpenReview.net},
 timestamp = {Thu, 07 May 2020 01:00:00 +0200},
 title = {Plug and Play Language Models: {A} Simple Approach to Controlled Text
Generation},
 url = {https://openreview.net/forum?id=H1edEyBKDS},
 year = {2020}
}

@inproceedings{smith2022human,
 address = {Dublin, Ireland},
 author = {Smith, Eric  and
Hsu, Orion  and
Qian, Rebecca  and
Roller, Stephen  and
Boureau, Y-Lan  and
Weston, Jason},
 booktitle = {Proceedings of the 4th Workshop on NLP for Conversational AI},
 doi = {10.18653/v1/2022.nlp4convai-1.8},
 pages = {77--97},
 publisher = {Association for Computational Linguistics},
 title = {Human Evaluation of Conversations is an Open Problem: comparing the sensitivity of various methods for evaluating dialogue agents},
 url = {https://aclanthology.org/2022.nlp4convai-1.8},
 year = {2022}
}

@inproceedings{rashkin2018towards,
 address = {Florence, Italy},
 author = {Rashkin, Hannah  and
Smith, Eric Michael  and
Li, Margaret  and
Boureau, Y-Lan},
 booktitle = {Proceedings of the 57th Annual Meeting of the Association for Computational Linguistics},
 doi = {10.18653/v1/P19-1534},
 pages = {5370--5381},
 publisher = {Association for Computational Linguistics},
 title = {Towards Empathetic Open-domain Conversation Models: A New Benchmark and Dataset},
 url = {https://aclanthology.org/P19-1534},
 year = {2019}
}

@article{keskar2019ctrl,
 author = {Keskar, Nitish Shirish and McCann, Bryan and Varshney, Lav R and Xiong, Caiming and Socher, Richard},
 journal = {ArXiv preprint},
 title = {Ctrl: A conditional transformer language model for controllable generation},
 url = {https://arxiv.org/abs/1909.05858},
 volume = {abs/1909.05858},
 year = {2019}
}

@inproceedings{zhang2018personalizing,
 address = {Melbourne, Australia},
 author = {Zhang, Saizheng  and
Dinan, Emily  and
Urbanek, Jack  and
Szlam, Arthur  and
Kiela, Douwe  and
Weston, Jason},
 booktitle = {Proceedings of the 56th Annual Meeting of the Association for Computational Linguistics (Volume 1: Long Papers)},
 doi = {10.18653/v1/P18-1205},
 pages = {2204--2213},
 publisher = {Association for Computational Linguistics},
 title = {Personalizing Dialogue Agents: {I} have a dog, do you have pets too?},
 url = {https://aclanthology.org/P18-1205},
 year = {2018}
}

@inproceedings{zhang2019bertscore,
 author = {Tianyi Zhang and
Varsha Kishore and
Felix Wu and
Kilian Q. Weinberger and
Yoav Artzi},
 bibsource = {dblp computer science bibliography, https://dblp.org},
 biburl = {https://dblp.org/rec/conf/iclr/ZhangKWWA20.bib},
 booktitle = {8th International Conference on Learning Representations, {ICLR} 2020,
Addis Ababa, Ethiopia, April 26-30, 2020},
 publisher = {OpenReview.net},
 timestamp = {Wed, 03 Jun 2020 01:00:00 +0200},
 title = {BERTScore: Evaluating Text Generation with {BERT}},
 url = {https://openreview.net/forum?id=SkeHuCVFDr},
 year = {2020}
}

@inproceedings{papineni2002bleu,
 address = {Philadelphia, Pennsylvania, USA},
 author = {Papineni, Kishore  and
Roukos, Salim  and
Ward, Todd  and
Zhu, Wei-Jing},
 booktitle = {Proceedings of the 40th Annual Meeting of the Association for Computational Linguistics},
 doi = {10.3115/1073083.1073135},
 pages = {311--318},
 publisher = {Association for Computational Linguistics},
 title = {{B}leu: a Method for Automatic Evaluation of Machine Translation},
 url = {https://aclanthology.org/P02-1040},
 year = {2002}
}

@inproceedings{vedantam2015cider,
 author = {Ramakrishna Vedantam and
C. Lawrence Zitnick and
Devi Parikh},
 bibsource = {dblp computer science bibliography, https://dblp.org},
 biburl = {https://dblp.org/rec/conf/cvpr/VedantamZP15.bib},
 booktitle = {{IEEE} Conference on Computer Vision and Pattern Recognition, {CVPR}
2015, Boston, MA, USA, June 7-12, 2015},
 doi = {10.1109/CVPR.2015.7299087},
 pages = {4566--4575},
 publisher = {{IEEE} Computer Society},
 timestamp = {Thu, 25 May 2017 01:00:00 +0200},
 title = {CIDEr: Consensus-based image description evaluation},
 url = {https://doi.org/10.1109/CVPR.2015.7299087},
 year = {2015}
}

@inproceedings{liu2021dexperts,
 address = {Online},
 author = {Liu, Alisa  and
Sap, Maarten  and
Lu, Ximing  and
Swayamdipta, Swabha  and
Bhagavatula, Chandra  and
Smith, Noah A.  and
Choi, Yejin},
 booktitle = {Proceedings of the 59th Annual Meeting of the Association for Computational Linguistics and the 11th International Joint Conference on Natural Language Processing (Volume 1: Long Papers)},
 doi = {10.18653/v1/2021.acl-long.522},
 pages = {6691--6706},
 publisher = {Association for Computational Linguistics},
 title = {{DE}xperts: Decoding-Time Controlled Text Generation with Experts and Anti-Experts},
 url = {https://aclanthology.org/2021.acl-long.522},
 year = {2021}
}

@inproceedings{post2018call,
 address = {Brussels, Belgium},
 author = {Post, Matt},
 booktitle = {Proceedings of the Third Conference on Machine Translation: Research Papers},
 doi = {10.18653/v1/W18-6319},
 pages = {186--191},
 publisher = {Association for Computational Linguistics},
 title = {A Call for Clarity in Reporting {BLEU} Scores},
 url = {https://aclanthology.org/W18-6319},
 year = {2018}
}

@inproceedings{zhou2018emotional,
 author = {Hao Zhou and
Minlie Huang and
Tianyang Zhang and
Xiaoyan Zhu and
Bing Liu},
 bibsource = {dblp computer science bibliography, https://dblp.org},
 biburl = {https://dblp.org/rec/conf/aaai/ZhouHZZL18.bib},
 booktitle = {Proceedings of the Thirty-Second {AAAI} Conference on Artificial Intelligence,
(AAAI-18), the 30th innovative Applications of Artificial Intelligence
(IAAI-18), and the 8th {AAAI} Symposium on Educational Advances in
Artificial Intelligence (EAAI-18), New Orleans, Louisiana, USA, February
2-7, 2018},
 editor = {Sheila A. McIlraith and
Kilian Q. Weinberger},
 pages = {730--739},
 publisher = {{AAAI} Press},
 timestamp = {Wed, 08 Jan 2020 00:00:00 +0100},
 title = {Emotional Chatting Machine: Emotional Conversation Generation with
Internal and External Memory},
 url = {https://www.aaai.org/ocs/index.php/AAAI/AAAI18/paper/view/16455},
 year = {2018}
}

@article{yao2022d4,
 author = {Yao, Binwei and Shi, Chao and Zou, Likai and Dai, Lingfeng and Wu, Mengyue and Chen, Lu and Wang, Zhen and Yu, Kai},
 journal = {ArXiv preprint},
 title = {D4: a Chinese Dialogue Dataset for Depression-Diagnosis-Oriented Chat},
 url = {https://arxiv.org/abs/2205.11764},
 volume = {abs/2205.11764},
 year = {2022}
}

@inproceedings{liu2021towards,
 address = {Online},
 author = {Liu, Siyang  and
Zheng, Chujie  and
Demasi, Orianna  and
Sabour, Sahand  and
Li, Yu  and
Yu, Zhou  and
Jiang, Yong  and
Huang, Minlie},
 booktitle = {Proceedings of the 59th Annual Meeting of the Association for Computational Linguistics and the 11th International Joint Conference on Natural Language Processing (Volume 1: Long Papers)},
 doi = {10.18653/v1/2021.acl-long.269},
 pages = {3469--3483},
 publisher = {Association for Computational Linguistics},
 title = {Towards Emotional Support Dialog Systems},
 url = {https://aclanthology.org/2021.acl-long.269},
 year = {2021}
}

@article{thoppilan2022lamda,
 author = {Thoppilan, Romal and De Freitas, Daniel and Hall, Jamie and Shazeer, Noam and Kulshreshtha, Apoorv and Cheng, Heng-Tze and Jin, Alicia and Bos, Taylor and Baker, Leslie and Du, Yu and others},
 journal = {ArXiv preprint},
 title = {Lamda: Language models for dialog applications},
 url = {https://arxiv.org/abs/2201.08239},
 volume = {abs/2201.08239},
 year = {2022}
}

@inproceedings{mireshghallah2022mix,
 address = {Dublin, Ireland},
 author = {Mireshghallah, Fatemehsadat  and
Goyal, Kartik  and
Berg-Kirkpatrick, Taylor},
 booktitle = {Proceedings of the 60th Annual Meeting of the Association for Computational Linguistics (Volume 1: Long Papers)},
 doi = {10.18653/v1/2022.acl-long.31},
 pages = {401--415},
 publisher = {Association for Computational Linguistics},
 title = {Mix and Match: Learning-free Controllable Text Generationusing Energy Language Models},
 url = {https://aclanthology.org/2022.acl-long.31},
 year = {2022}
}

@article{chen2022cped,
 author = {Chen, Yirong and Fan, Weiquan and Xing, Xiaofen and Pang, Jianxin and Huang, Minlie and Han, Wenjing and Tie, Qianfeng and Xu, Xiangmin},
 journal = {ArXiv preprint},
 title = {CPED: A Large-Scale Chinese Personalized and Emotional Dialogue Dataset for Conversational AI},
 url = {https://arxiv.org/abs/2205.14727},
 volume = {abs/2205.14727},
 year = {2022}
}

@article{su2021prototype,
 author = {Su, Yixuan and Wang, Yan and Cai, Deng and Baker, Simon and Korhonen, Anna and Collier, Nigel},
 journal = {IEEE/ACM Transactions on Audio, Speech, and Language Processing},
 pages = {2152--2161},
 publisher = {IEEE},
 title = {Prototype-to-style: Dialogue generation with style-aware editing on retrieval memory},
 volume = {29},
 year = {2021}
}

@inproceedings{wen2015semantically,
 address = {Lisbon, Portugal},
 author = {Wen, Tsung-Hsien  and
Ga{\v{s}}i{\'c}, Milica  and
Mrk{\v{s}}i{\'c}, Nikola  and
Su, Pei-Hao  and
Vandyke, David  and
Young, Steve},
 booktitle = {Proceedings of the 2015 Conference on Empirical Methods in Natural Language Processing},
 doi = {10.18653/v1/D15-1199},
 pages = {1711--1721},
 publisher = {Association for Computational Linguistics},
 title = {Semantically Conditioned {LSTM}-based Natural Language Generation for Spoken Dialogue Systems},
 url = {https://aclanthology.org/D15-1199},
 year = {2015}
}

@article{su2020stylistic,
 author = {Su, Yixuan and Cai, Deng and Wang, Yan and Baker, Simon and Korhonen, Anna and Collier, Nigel and Liu, Xiaojiang},
 journal = {ArXiv preprint},
 title = {Stylistic dialogue generation via information-guided reinforcement learning strategy},
 url = {https://arxiv.org/abs/2004.02202},
 volume = {abs/2004.02202},
 year = {2020}
}

@article{lu2022towards,
 author = {Lu, Hua and Bao, Siqi and He, Huang and Wang, Fan and Wu, Hua and Wang, Haifeng},
 journal = {ArXiv preprint},
 title = {Towards Boosting the Open-Domain Chatbot with Human Feedback},
 url = {https://arxiv.org/abs/2208.14165},
 volume = {abs/2208.14165},
 year = {2022}
}

@inproceedings{xu2022long,
 address = {Dublin, Ireland},
 author = {Xu, Xinchao  and
Gou, Zhibin  and
Wu, Wenquan  and
Niu, Zheng-Yu  and
Wu, Hua  and
Wang, Haifeng  and
Wang, Shihang},
 booktitle = {Findings of the Association for Computational Linguistics: ACL 2022},
 doi = {10.18653/v1/2022.findings-acl.207},
 pages = {2639--2650},
 publisher = {Association for Computational Linguistics},
 title = {Long Time No See! Open-Domain Conversation with Long-Term Persona Memory},
 url = {https://aclanthology.org/2022.findings-acl.207},
 year = {2022}
}

@article{zhou2020design,
 address = {Cambridge, MA},
 author = {Zhou, Li  and
Gao, Jianfeng  and
Li, Di  and
Shum, Heung-Yeung},
 doi = {10.1162/coli_a_00368},
 journal = {Computational Linguistics},
 number = {1},
 pages = {53--93},
 publisher = {MIT Press},
 title = {The Design and Implementation of {X}iao{I}ce, an Empathetic Social Chatbot},
 url = {https://aclanthology.org/2020.cl-1.2},
 volume = {46},
 year = {2020}
}

@inproceedings{lewis2020bart,
 address = {Online},
 author = {Lewis, Mike  and
Liu, Yinhan  and
Goyal, Naman  and
Ghazvininejad, Marjan  and
Mohamed, Abdelrahman  and
Levy, Omer  and
Stoyanov, Veselin  and
Zettlemoyer, Luke},
 booktitle = {Proceedings of the 58th Annual Meeting of the Association for Computational Linguistics},
 doi = {10.18653/v1/2020.acl-main.703},
 pages = {7871--7880},
 publisher = {Association for Computational Linguistics},
 title = {{BART}: Denoising Sequence-to-Sequence Pre-training for Natural Language Generation, Translation, and Comprehension},
 url = {https://aclanthology.org/2020.acl-main.703},
 year = {2020}
}

@inproceedings{cui2020revisiting,
 address = {Online},
 author = {Cui, Yiming  and
Che, Wanxiang  and
Liu, Ting  and
Qin, Bing  and
Wang, Shijin  and
Hu, Guoping},
 booktitle = {Findings of the Association for Computational Linguistics: EMNLP 2020},
 doi = {10.18653/v1/2020.findings-emnlp.58},
 pages = {657--668},
 publisher = {Association for Computational Linguistics},
 title = {Revisiting Pre-Trained Models for {C}hinese Natural Language Processing},
 url = {https://aclanthology.org/2020.findings-emnlp.58},
 year = {2020}
}

@article{radford2019language,
 author = {Radford, Alec and Wu, Jeffrey and Child, Rewon and Luan, David and Amodei, Dario and Sutskever, Ilya and others},
 title = {Language models are unsupervised multitask learners}
}

@inproceedings{bolukbasi2016man,
 author = {Tolga Bolukbasi and
Kai{-}Wei Chang and
James Y. Zou and
Venkatesh Saligrama and
Adam Tauman Kalai},
 bibsource = {dblp computer science bibliography, https://dblp.org},
 biburl = {https://dblp.org/rec/conf/nips/BolukbasiCZSK16.bib},
 booktitle = {Advances in Neural Information Processing Systems 29: Annual Conference
on Neural Information Processing Systems 2016, December 5-10, 2016,
Barcelona, Spain},
 editor = {Daniel D. Lee and
Masashi Sugiyama and
Ulrike von Luxburg and
Isabelle Guyon and
Roman Garnett},
 pages = {4349--4357},
 timestamp = {Thu, 21 Jan 2021 00:00:00 +0100},
 title = {Man is to Computer Programmer as Woman is to Homemaker? Debiasing
Word Embeddings},
 url = {https://proceedings.neurips.cc/paper/2016/hash/a486cd07e4ac3d270571622f4f316ec5-Abstract.html},
 year = {2016}
}

@inproceedings{holtzman2019curious,
 author = {Ari Holtzman and
Jan Buys and
Li Du and
Maxwell Forbes and
Yejin Choi},
 bibsource = {dblp computer science bibliography, https://dblp.org},
 biburl = {https://dblp.org/rec/conf/iclr/HoltzmanBDFC20.bib},
 booktitle = {8th International Conference on Learning Representations, {ICLR} 2020,
Addis Ababa, Ethiopia, April 26-30, 2020},
 publisher = {OpenReview.net},
 timestamp = {Thu, 21 Jan 2021 00:00:00 +0100},
 title = {The Curious Case of Neural Text Degeneration},
 url = {https://openreview.net/forum?id=rygGQyrFvH},
 year = {2020}
}

@book{Aho:72,
 address = {Englewood Cliffs, NJ},
 author = {Alfred V. Aho and Jeffrey D. Ullman},
 publisher = {Prentice-Hall},
 title = {The Theory of Parsing, Translation and Compiling},
 volume = {1},
 year = {1972}
}

@book{APA:83,
 address = {Washington, DC},
 author = {{American Psychological Association}},
 publisher = {American Psychological Association},
 title = {Publications Manual},
 year = {1983}
}

@article{Chandra:81,
 author = {Ashok K. Chandra and Dexter C. Kozen and Larry J. Stockmeyer},
 doi = {10.1145/322234.322243},
 journal = {Journal of the Association for Computing Machinery},
 number = {1},
 pages = {114--133},
 title = {Alternation},
 volume = {28},
 year = {1981}
}

@inproceedings{andrew2007scalable,
 author = {Andrew, Galen and Gao, Jianfeng},
 booktitle = {Proceedings of the 24th International Conference on Machine Learning},
 pages = {33--40},
 title = {Scalable training of {$L_1$}-regularized log-linear models},
 url = {https://dl.acm.org/doi/abs/10.1145/1273496.1273501},
 year = {2007}
}

@book{Gusfield:97,
 address = {Cambridge, UK},
 author = {Dan Gusfield},
 publisher = {Cambridge University Press},
 title = {Algorithms on Strings, Trees and Sequences},
 url = {https://www.cambridge.org/core/books/algorithms-on-strings-trees-and-sequences/F0B095049C7E6EF5356F0A26686C20D3},
 year = {1997}
}

@article{rasooli-tetrault-2015,
 author = {Mohammad Sadegh Rasooli and Joel R. Tetreault},
 journal = {ArXiv preprint},
 title = {Yara Parser: {A} Fast and Accurate Dependency Parser},
 url = {https://arxiv.org/abs/1503.06733},
 volume = {abs/1503.06733},
 year = {2015}
}

@article{Ando2005,
 acmid = {1194905},
 author = {Ando, Rie Kubota and Zhang, Tong},
 issn = {1532-4435},
 issue_date = {12/1/2005},
 journal = {Journal of Machine Learning Research},
 numpages = {37},
 pages = {1817--1853},
 publisher = {JMLR.org},
 title = {A Framework for Learning Predictive Structures from Multiple Tasks and Unlabeled Data},
 url = {https://www.jmlr.org/papers/volume6/ando05a/ando05a.pdf},
 volume = {6},
 year = {2005}
}

@article{ct1965,
 author = {Cooley, James W. and Tukey, John W.},
 journal = {Mathematics of Computation},
 number = {90},
 pages = {297--301},
 title = {An algorithm for the machine calculation of complex {F}ourier series},
 url = {https://www.ams.org/journals/mcom/1965-19-090/S0025-5718-1965-0178586-1/S0025-5718-1965-0178586-1.pdf},
 volume = {19},
 year = {1965}
}

@article{shao2021cpt,
  title={CPT: A Pre-Trained Unbalanced Transformer for Both Chinese Language Understanding and Generation}, 
  author={Yunfan Shao and Zhichao Geng and Yitao Liu and Junqi Dai and Fei Yang and Li Zhe and Hujun Bao and Xipeng Qiu},
  journal={arXiv preprint arXiv:2109.05729},
  year={2021}
}
