@inproceedings{graphx,
 author = {Xin, Reynold S. and Gonzalez, Joseph E. and Franklin, Michael J. and Stoica, Ion},
 title = {GraphX: A Resilient Distributed Graph System on Spark},
 booktitle = {First International Workshop on Graph Data Management Experiences and Systems},
 year = {2013},
 pages = {2:1--2:6},
 publisher = {ACM},
 address = {New York, NY, USA},
}

@inproceedings{mli,
  author = {Sparks, Evan R. and Talwalkar, Ameet and Smith, Virginia and Kottalam, Jey and Pan, Xinghao and Gonzalez, Joseph E. and Franklin, Michael J. and Jordan, Michael I. and Kraska, Tim},
  title = {MLI: An API for Distributed Machine Learning.},
  booktitle = {2013 IEEE 13th International Conference on Data Mining},
  pages = {1187--1192},
  year = {2013},
	publisher = {IEEE},
	address = {Dallas, TX, USA},
}

@inproceedings{systemml,
 author = {Ghoting, Amol and Krishnamurthy, Rajasekar and Pednault, Edwin and Reinwald, Berthold and Sindhwani, Vikas and Tatikonda, Shirish and Tian, Yuanyuan and Vaithyanathan, Shivakumar},
 title = {SystemML: Declarative Machine Learning on MapReduce},
 booktitle = {2011 IEEE 27th International Conference on Data Engineering},
 pages = {231--242},
 year = {2011},
 publisher = {IEEE},
 address = {Hannover, Germany},
} 

@TechReport {Figaro,
    title = {Figaro: An object-oriented probabilistic programming language},
    author = {Pfeffer, A.},
    year = {2009},
    institution = {Charles River Analytics},
		url = {http://www.cs.tufts.edu/~nr/cs257/archive/avi-pfeffer/figaro.pdf},
}

@inproceedings{spam,
  address = {Madison, Wisconsin, USA},
  author = {Sahami, Mehran and Dumais, Susan and Heckerman, David and Horvitz, Eric},
  booktitle = {Learning for Text Categorization: Papers from the 1998 Workshop},
  publisher = {AAAI Technical Report WS-98-05},
  title = {A Bayesian Approach to Filtering Junk {E}-Mail},
  year = 1998
}

@inproceedings{Wang:2011,
 author = {Wang, Daisy Zhe and Franklin, Michael J. and Garofalakis, Minos and Hellerstein, Joseph M. and Wick, Michael L.},
 title = {Hybrid In-database Inference for Declarative Information Extraction},
 booktitle = {2011 ACM SIGMOD International Conference on Management of Data},
 year = {2011},
 pages = {517--528},
 publisher = {ACM},
 address = {New York, NY, USA},
} 



@inproceedings{wingate2011lightweight,
  title={Lightweight Implementations of Probabilistic Programming Languages Via Transformational Compilation},
  author={Wingate, David and Stuhlmueller, Andreas and Goodman, Noah D},
  booktitle={14th International Conference on Artificial Intelligence and Statistics},
  pages={770--778},
  year={2011},
  publisher = {JMLR.org},
  address={Fort Lauderdale, USA},
}

@misc{InferNET14, 
author = {Minka, T. and Winn, J.M. and Guiver, J.P. and Webster, S. and Zaykov, Y. and Yangel, B. and Spengler, A. and  Bronskill, J.},
title = {{Infer.NET 2.6}},
modifydate = 2014,
citedate = 2016,
year = 2014,
note = {Microsoft Research Cambridge. \url{http://research.microsoft.com/infernet}},
TypeofLit = {CP/OL}
}

@inproceedings{GMR+08,
  title = {Church: a language for generative models},
  author = {Noah D. Goodman and Vikash K. Mansinghka and Daniel M. Roy and Keith Bonawitz and Joshua B. Tenenbaum},
  booktitle = {24th Conference in Uncertainty in Artificial Intelligence},
  year = {2008},
  pages={220--229},
  publisher={{AUAI} Press},
  address={Helsinki, Finland},
}

@article{lunn2000winbugs,
  title={WinBUGS - {A} Bayesian modelling framework: Concepts, structure, and
               extensibility},
  author={Lunn, David J. and Thomas, Andrew and Best, Nicky and Spiegelhalter, David},
  journal={Statistics and computing},
  volume={10},
  pages={325--337},
  year={2000},
  publisher = {Springer US}
}

@book{cox,
   title = "Principles of statistical inference",
   author = "Cox, David Roxbee",
   publisher = "Cambridge University Press",
   address = "Cambridge, New York",
   year = 2006
}


@inproceedings{Zaharia:2012:RDD:2228298.2228301,
 author = {Zaharia, Matei and Chowdhury, Mosharaf and Das, Tathagata and Dave, Ankur and Ma, Justin and McCauley, Murphy and Franklin, Michael J. and Shenker, Scott and Stoica, Ion},
 title = {Resilient Distributed Datasets: A Fault-tolerant Abstraction for In-memory Cluster Computing},
 booktitle = {9th {USENIX} Symposium on Networked Systems Design
               and Implementation},
 pages = {15--28},
 publisher = {USENIX},
 year      = {2012},
 address = {San Jose, CA, USA},
} 


@article{blei2003latent,
  title={Latent dirichlet allocation},
  author={Blei, David M and Ng, Andrew Y and Jordan, Michael I},
  journal={Journal of Machine Learning Research},
  volume={3},
  pages={993--1022},
  year={2003},
  publisher={JMLR.org}
}

@article{griffiths2004finding,
  title={Finding scientific topics},
  author={Griffiths, Thomas L and Steyvers, Mark},
  journal={Proceedings of the National Academy of Sciences of the United States of America},
  volume={101},
  pages={5228--5235},
  year={2004},
}

@inproceedings{nallapati2007parallelized,
  title={Parallelized variational EM for latent Dirichlet allocation: An experimental evaluation of speed and scalability},
  author={Nallapati, Ramesh and Cohen, William and Lafferty, John},
  booktitle={Workshops Proceedings of the 7th {IEEE} International Conference on Data Mining},
  pages={349--354},
  year={2007},
  publisher={IEEE},
  address={Omaha, Nebraska, USA}
}

@inproceedings{wang2009plda,
  title={{PLDA:} Parallel Latent Dirichlet Allocation for Large-Scale Applications},
  author={Wang, Yi and Bai, Hongjie and Stanton, Matt and Chen, Wen-Yen and Chang, Edward Y},
  booktitle={Algorithmic Aspects in Information and Management, 5th International Conference},
  pages={301--314},
  year={2009},
  publisher = {Springer},
  adress={San Francisco, CA, USA},
}



@book{pgm,
  title={Probabilistic Graphical Models: Principles and Techniques},
  author={Koller, D. and Friedman, N.},
  year={2009},
  publisher={MIT Press},
  address={Cambridge, MA, USA},
}

@inproceedings{minka2001expectation,
  title={Expectation propagation for approximate Bayesian inference},
  author={Minka, Thomas P},
  booktitle={17th Conference in Uncertainty in Artificial Intelligence},
  pages={362--369},
  year={2001},
  publisher={Morgan Kaufmann},
  adress={Seattle, Washington, USA}
}

@article{vmp,
  title={Variational message passing},
  author={Winn, John M and Bishop, Christopher M},
  booktitle={Journal of Machine Learning Research},
  volume={6},
  pages={661--694},
  year={2005},
  publisher={JMLR.org}
}

@Inproceedings {ralf2007trueskill,
author       = {Ralf Herbrich and Tom Minka and Thore Graepel},
booktitle    = {20th Annual Conference on Neural Information Processing
               Systems},
pages        = {569-576},
title        = {TrueSkill\({}^{\mbox{TM}}\): {A} Bayesian Skill Rating System},
year         = {2007},
publisher	= {MIT Press},
address = {British Columbia, Canada}
}

@misc{hadoop,
author = {Apache},
title = {Apache {Hadoop}},
modifydate = 2016,
citedate = 2016,
year = 2016,
note = "\url{http://hadoop.apache.org/}",
TypeofLit = {CP/OL}
}

@TechReport {spark-shuffle,
	title = {Optimizaing shuffle performance in spark},
	author = {Davidson, Aaron and Or, Andrew},
	year = {2013},
	institution = {University of California, Berkeley-Department of Electrical Engineering and Computer Sciences},
	url = { http://people.eecs.berkeley.edu/~kubitron/courses/cs262a-F13/projects/reports/project16_report.pdf},
}

@article{madlib,
 author = {Hellerstein, Joseph M. and R{\'e}, Christoper and Schoppmann, Florian and Wang, Daisy Zhe and Fratkin, Eugene and Gorajek, Aleksander and Ng, Kee Siong and Welton, Caleb and Feng, Xixuan and Li, Kun and Kumar, Arun},
 title = {The MADlib Analytics Library: Or MAD Skills, the SQL},
 journal = {Proceedings of The Vldb Endowment},
 volume = {5},
 year = {2012},
 pages = {1700--1711},
 publisher ={VLDB Endowment},
} 


@misc{mahout,
author = {Apache},
title = {Apache {Mahout}},
modifydate = 2016,
citedate = 2016,
year = 2016,
note = "\url{http://mahout.apache.org}",
TypeofLit = {CP/OL}
}


@misc{mllib,
author = {Apache},
title = {Spark {MLL}ib},
modifydate = 2016,
citedate = 2016,
year = 2016,
note = "\url{http://spark.apache.org/mllib/}",
TypeofLit = {CP/OL},
}

@misc{pp,
author = {Roy, Daniel},
title = {Probabilistic Programming},
year = 2016,
modifydate = 2016,
citedate = 2016,
year = 2016,
note = "\url{http://probabilistic-programming.org/wiki/Home}",
TypeofLit = {EB/OL},
}

@inproceedings{mlbase,
   author    = {Tim Kraska and
               Ameet Talwalkar and
               John C. Duchi and
               Rean Griffith and
               Michael J. Franklin and
               Michael I. Jordan},
  title     = {MLbase: {A} Distributed Machine-learning System},
  booktitle = {6th Biennial Conference on Innovative Data Systems
               Research},
  year      = {2013},
  publisher = {www.cidrdb.org},
  address = {Asilomar, CA, USA}
}

@misc{gibbslda++,
author= {Xuan-Hieu Phan and Cam-Tu Nguyen}
title = {GibbsLDA++: A C/C++ implementation of latent Dirichlet Allocation (LDA)},
year = 2007,
modifydate=2007,
citedate=2016,
TypeofLit = {R/OL},
note={\url{http://gibbslda.sourceforge.net/}}
}

@book{gibbs,
  title={Introduction to Bayesian Statistics},
  author={Bolstad, W.M.},
  year={2004},
  publisher={Wiley},
  address = {Hoboken, NJ, USA}
}

@article{mh,
  author = {Chib, Siddhartha and Greenberg, Edward},
  journal = {The American Statistician},
  pages = {327-335},
  title = {Understanding the Metropolis-Hastings Algorithm},
  volume = 49,
  year = 1995,
  publisher = {American Statistical Association}
}


@inproceedings{Doyle2009,
author    = {Gabriel Doyle and
               Charles Elkan},
  title     = {Accounting for burstiness in topic models},
  booktitle = {26th Annual International Conference on Machine
               Learning},
  pages     = {281--288},
  year      = {2009},
  publisher = {ACM},
  address = {New York, NY, USA}
}

@inproceedings{tsm,
author = {Mei, Qiaozhu and Ling, Xu and Wondra, Matthew and Su, Hang and Zhai, ChengXiang},
 title = {Topic Sentiment Mixture: Modeling Facets and Opinions in Weblogs},
 booktitle = {16th International Conference on World Wide Web},
 year = {2007},
 pages = {171--180},
 publisher = {ACM},
 address = {New York, NY, USA},
}

@inproceedings{McATarShiHen15,
  author = {McAuley, Julian and Targett, Christopher and Shi, Qinfeng and van den Hengel, Anton},
  title = {Image-Based Recommendations on Styles and Substitutes},
  booktitle = {38th International ACM SIGIR Conference on Research and Development in Information Retrieval},
  year = {2015},
  pages = {43--52},
  publisher = {ACM},
  address = {New York, NY, USA},
}

@inproceedings{Titov2008a,
 author = {Titov, Ivan and McDonald, Ryan},
 title = {Modeling Online Reviews with Multi-grain Topic Models},
 booktitle = {17th International Conference on World Wide Web},
 year = {2008},
 pages = {111--120},
 publisher = {ACM},
 address = {New York, NY, USA},
}

@inproceedings{Titov2008b,
  author    = {Ivan Titov and
               Ryan T. McDonald},
  title     = {A Joint Model of Text and Aspect Ratings for Sentiment Summarization},
  booktitle = {46th Annual Meeting of the Association for Computational Linguistics},
  pages     = {308--316},
  year      = {2008},
  publisher = {The Association for Computer Linguistics},
  address = {Columbus, Ohio, {USA}},
}

@inproceedings{Jo2011,
 author = {Jo, Yohan and Oh, Alice H.},
 title = {Aspect and Sentiment Unification Model for Online Review Analysis},
 booktitle = {4th ACM International Conference on Web Search and Data Mining},
 year = {2011},
 pages = {815--824},
 publisher = {ACM},
 address = {New York, NY, USA},
}

@inproceedings{Cai2014,
 author = {Cai, Zhuhua and Gao, Zekai J. and Luo, Shangyu and Perez, Luis L. and Vagena, Zografoula and Jermaine, Christopher},
 title = {A Comparison of Platforms for Implementing and Running Very Large Scale Machine Learning Algorithms},
 booktitle = {2014 ACM SIGMOD International Conference on Management of Data},
 year = {2014},
 pages = {1371--1382},
 publisher = {ACM},
 address = {New York, NY, USA},
}

@inproceedings{McCallum2009,
  author    = {Andrew McCallum and
               Karl Schultz and
               Sameer Singh},
  title     = {{FACTORIE:} Probabilistic Programming via Imperatively Defined Factor Graphs},
  booktitle = {23rd Annual Conference on Neural Information Processing Systems 2009},
  pages = {1249--1257},
  year = {2009},
  publisher = {Curran Associates, Inc.},
  address = {Vancouver, British Columbia, Canada},
}

@inproceedings{Zaharia:2010:SCC:1863103.1863113,
 author = {Zaharia, Matei and Chowdhury, Mosharaf and Franklin, Michael J. and Shenker, Scott and Stoica, Ion},
 title = {Spark: Cluster Computing with Working Sets},
 booktitle = {2Nd USENIX Conference on Hot Topics in Cloud Computing},
 year = {2010},
 pages = {10--10},
 publisher = {USENIX Association},
 address = {Berkeley, CA, USA},
}

@misc{graphframes,
	author = {Bradley, Joseph and Hunter, Tim and Dave, Ankur and Meng, Xiangrui},
	title = {Introducing Graphframes},
	year = {2016},
	modifydate = {2016},
	citedate = {2016},
	note = {\url{https://databricks.com/blog/2016/03/03/introducing-graphframes.html}},
	TypeOfLit = {EB/OL},
}

@inproceedings{dean04,
  author    = {Dean, Jeffrey and
               Ghemawat, Sanjay},
  title     = {MapReduce: Simplified Data Processing on Large Clusters},
  booktitle = {6th Symposium on Operating System Design and Implementation},
  pages     = {137--150},
  year      = {2004},
  publisher = {{USENIX} Association},
  address = {San Francisco, CA, USA},
}

@inproceedings{pregel,
 author = {Malewicz, Grzegorz and Austern, Matthew H. and Bik, Aart J.C and Dehnert, James C. and Horn, Ilan and Leiser, Naty and Czajkowski, Grzegorz},
 title = {Pregel: A System for Large-scale Graph Processing},
 booktitle = {2010 ACM SIGMOD International Conference on Management of Data},
 year = {2010},
 pages = {135--146},
 publisher = {ACM},
 address = {New York, NY, USA},
} 

@inproceedings{BoVWFI,
  author = "Paolo Boldi and Sebastiano Vigna",
  title = "The {W}eb{G}raph Framework {I}: {C}ompression Techniques",
  year = 2004,
  booktitle = "Proc. of the Thirteenth International World Wide Web Conference (WWW 2004)",
  address = "Manhattan, USA",
  pages = "595--601",
  publisher = "ACM Press"
}
@inproceedings{BRSLLP,
  author = "Paolo Boldi and Marco Rosa and Massimo Santini and Sebastiano Vigna",
  title = "Layered Label Propagation: A MultiResolution Coordinate-Free Ordering for Compressing Social Networks",
  booktitle = "Proceedings of the 20th international conference on World Wide Web",
  editor = "Sadagopan Srinivasan and Krithi Ramamritham and Arun Kumar and M. P. Ravindra and Elisa Bertino and Ravi Kumar",
  publisher = "ACM Press",
  year = 2011,
  pages = "587--596"
}
