@misc{youdaodict,
   author = "{NetEase Inc.}",
   title = "Youdao Online Dictionary",
   year = "2016",
   url = "http://dict.youdao.com",
   note = "[Online; accessed 16-March-2016]"
 }
 
 @misc{NLPIR,
   author = "{Huaping Zhang}",
   title = "{NLPIR} Chinese Segmentor System",
   year = "2016",
   url = "http://ictclas.nlpir.org/"
 }

@article{linard2015bilingual,
  title={Bilingual Lexicon Extraction},
  author={Linard, Alexis},
  year={2015}
}

@inproceedings{mahdisoltani2014yago3,
  title={Yago3: A knowledge base from multilingual wikipedias},
  author={Mahdisoltani, Farzaneh and Biega, Joanna and Suchanek, Fabian},
  booktitle={7th Biennial Conference on Innovative Data Systems Research},
  year={2014},
}

@article{krifka199511,
  title={11 COMMON NOUNS: A CONTRASTIVE ANALYSIS OF CHINESE AND ENGLISH},
  author={Krifka, Manfred},
  journal={The generic book},
  pages={398},
  year={1995},
  publisher={University of Chicago Press}
}

@article{tavassoli1999temporal,
  title={Temporal and associative memory in Chinese and English},
  author={Tavassoli, Nader T},
  journal={Journal of Consumer Research},
  volume={26},
  number={2},
  pages={170--181},
  year={1999},
  publisher={JSTOR}
}

@article{chen2007chinese,
  title={Do Chinese and English speakers think about time differently? Failure of replicating Boroditsky (2001)},
  author={Chen, Jenn-Yeu},
  journal={Cognition},
  volume={104},
  number={2},
  pages={427--436},
  year={2007},
  publisher={Elsevier}
}

@inproceedings{Mikolov2013distributed,
  title={Distributed representations of words and phrases and their compositionality},
  author={Mikolov, Tomas and Sutskever, Ilya and Chen, Kai and Corrado, Greg S and Dean, Jeff},
  booktitle={Advances in neural information processing systems},
  pages={3111--3119},
  year={2013}
}

@article{Mikolov:2013tp,
author = {Mikolov, Tomas and Le, Quoc V and Sutskever, Ilya},
title = {{Exploiting Similarities among Languages for Machine Translation}},
journal = {arXiv.org},
year = {2013},
eprint = {1309.4168v1},
eprinttype = {arxiv},
eprintclass = {cs.CL},
month = sep
}

@article{Vulic:2015to,
author = {Vulic, Ivan and Moens, Marie-Francine},
title = {{Bilingual word embeddings from non-parallel document-aligned data applied to bilingual lexicon induction}},
year = {2015},
pages = {719--725},
month = jul
}

@article{Navigli:2012dn,
author = {Navigli, Roberto and Ponzetto, Simone Paolo},
title = {{BabelNet: The automatic construction, evaluation and application of a wide-coverage multilingual semantic network.}},
journal = {Artif. Intell.},
year = {2012},
volume = {193},
pages = {217--250}
}

@article{hermann2014multilingual,
  title={Multilingual models for compositional distributed semantics},
  author={Hermann, Karl Moritz and Blunsom, Phil},
  journal={arXiv preprint arXiv:1404.4641},
  year={2014}
}

@article{Klementiev:2012uk,
author = {Klementiev, A and Titov, I and Bhattarai, B},
title = {{Inducing crosslingual distributed representations of words}},
year = {2012}
}

@article{lebret2013word,
  title={Word emdeddings through hellinger PCA},
  author={Lebret, R{\'e}mi and Collobert, Ronan},
  journal={arXiv preprint arXiv:1312.5542},
  year={2013}
}

@inproceedings{levy2014neural,
  title={Neural word embedding as implicit matrix factorization},
  author={Levy, Omer and Goldberg, Yoav},
  booktitle={Advances in Neural Information Processing Systems},
  pages={2177--2185},
  year={2014}
}

@inproceedings{li2015word,
  title={Word embedding revisited: A new representation learning and explicit matrix factorization perspective},
  author={Li, Yitan and Xu, Linli and Tian, Fei and Jiang, Liang and Zhong, Xiaowei and Chen, Enhong},
  booktitle={Proceedings of the 24th International Joint Conference on Artificial Intelligence},
  pages={3650--3656},
  year={2015}
}

@article{kovecses2006language,
  title={Language, mind, and culture},
  author={Kovecses, Zoltan},
  year={2006}
}

@book{jackson2007words,
  title={Words, meaning and vocabulary: an introduction to modern English lexicology},
  author={Jackson, Howard and Amvela, Etienne Z{\'e}},
  year={2007},
  publisher={Bloomsbury Publishing}
}

@book{wierzbicka2006english,
  title={English: Meaning and culture},
  author={Wierzbicka, Anna},
  year={2006},
  publisher={Oxford University Press}
}

@book{lipka1990outline,
  title={An outline of English lexicology: lexical structure, word semantics, and word-formation},
  author={Lipka, Leonhard},
  volume={3},
  year={1990},
  publisher={Walter de Gruyter}
}

@misc{names,
author={Mark Kantrowitz and Bill Ross},
year = {1994},
title = {Names Corpus, Version 1.3},
howpublished = "\url{http://www.nltk.org/nltk_data/}"
}

@misc{wiktionary,
author={Wiktionary},
year = {2016},
title = {Wiktionary},
howpublished = "\url{http://www.wiktionary.org}"
}

@misc{oxford,
author={Oxford},
year = {2016},
title = {Oxford Dictionaries Onlin},
howpublished = "\url{http://www.oxforddictionaries.com/}"
}
