@article{moreira2019contextual,
  title={Contextual hybrid session-based news recommendation with recurrent neural networks},
  author={Moreira, Gabriel de Souza Pereira and Jannach, Dietmar and da Cunha, Adilson Marques},
  journal={arXiv preprint arXiv:1904.10367},
  year={2019}
}

@inproceedings{garg2019sequence,
  title={Sequence and time aware neighborhood for session-based recommendations: Stan},
  author={Garg, Diksha and Gupta, Priyanka and Malhotra, Pankaj and Vig, Lovekesh and Shroff, Gautam},
  booktitle={Proceedings of the 42nd International ACM SIGIR Conference on Research and Development in Information Retrieval},
  pages={1069--1072},
  year={2019}
}
@inproceedings{rakkappan2019context,
  title={Context-Aware Sequential Recommendations with Stacked Recurrent Neural Networks},
  author={Rakkappan, Lakshmanan and Rajan, Vaibhav},
  booktitle={The World Wide Web Conference},
  pages={3172--3178},
  year={2019}
}

@inproceedings{wang2018dkn,
  title={DKN: Deep knowledge-aware network for news recommendation},
  author={Wang, Hongwei and Zhang, Fuzheng and Xie, Xing and Guo, Minyi},
  booktitle={Proceedings of the 2018 world wide web conference},
  pages={1835--1844},
  year={2018}
}

@inproceedings{zhu2019dan,
  title={Dan: Deep attention neural network for news recommendation},
  author={Zhu, Qiannan and Zhou, Xiaofei and Song, Zeliang and Tan, Jianlong and Guo, Li},
  booktitle={Proceedings of the AAAI Conference on Artificial Intelligence},
  volume={33},
  pages={5973--5980},
  year={2019}
}

@inproceedings{wu2019npa,
  title={Npa: Neural news recommendation with personalized attention},
  author={Wu, Chuhan and Wu, Fangzhao and An, Mingxiao and Huang, Jianqiang and Huang, Yongfeng and Xie, Xing},
  booktitle={Proceedings of the 25th ACM SIGKDD International Conference on Knowledge Discovery \& Data Mining},
  pages={2576--2584},
  year={2019}
}

@inproceedings{pereira2019online,
  title={Online learning to rank for sequential music recommendation},
  author={Pereira, Bruno L and Ueda, Alberto and Penha, Gustavo and Santos, Rodrygo LT and Ziviani, Nivio},
  booktitle={Proceedings of the 13th ACM Conference on Recommender Systems},
  pages={237--245},
  year={2019}
}

@inproceedings{li2017neural,
  title={Neural attentive session-based recommendation},
  author={Li, Jing and Ren, Pengjie and Chen, Zhumin and Ren, Zhaochun and Lian, Tao and Ma, Jun},
  booktitle={Proceedings of the 2017 ACM on Conference on Information and Knowledge Management},
  pages={1419--1428},
  year={2017}
}

@inproceedings{wu2019session,
  title={Session-based recommendation with graph neural networks},
  author={Wu, Shu and Tang, Yuyuan and Zhu, Yanqiao and Wang, Liang and Xie, Xing and Tan, Tieniu},
  booktitle={Proceedings of the AAAI Conference on Artificial Intelligence},
  volume={33},
  pages={346--353},
  year={2019}
}

@inproceedings{xiao2019hierarchical,
  title={Hierarchical neural variational model for personalized sequential recommendation},
  author={Xiao, Teng and Liang, Shangsong and Meng, Zaiqiao},
  booktitle={The World Wide Web Conference},
  pages={3377--3383},
  year={2019}
}

@inproceedings{xu2019time,
  title={Time-aware Session Embedding for Click-Through-Rate Prediction},
  author={Xu, Qidi and Xu, Haocheng and Chen, Weilong and Han, Chaojun and Li, Haoyang and Tan, Wenxin and Shen, Fumin and Shen, Heng Tao},
  booktitle={Proceedings of the 27th ACM International Conference on Multimedia},
  pages={2617--2621},
  year={2019}
}

@inproceedings{sottocornola2018session,
  title={Session-based news recommendations},
  author={Sottocornola, Gabriele and Symeonidis, Panagiotis and Zanker, Markus},
  booktitle={Companion Proceedings of the The Web Conference 2018},
  pages={1395--1399},
  year={2018}
}

@inproceedings{xu2019graph,
  title={Graph contextualized self-attention network for session-based recommendation},
  author={Xu, Chengfeng and Zhao, Pengpeng and Liu, Yanchi and Sheng, Victor S and Xu, Jiajie and Zhuang, Fuzhen and Fang, Junhua and Zhou, Xiaofang},
  booktitle={Proc. 28th Int. Joint Conf. Artif. Intell.(IJCAI)},
  pages={3940--3946},
  year={2019}
}

@inproceedings{al2018adaptive,
  title={Adaptive collaborative topic modeling for online recommendation},
  author={Al-Ghossein, Marie and Murena, Pierre-Alexandre and Abdessalem, Talel and Barr{\'e}, Anthony and Cornu{\'e}jols, Antoine},
  booktitle={Proceedings of the 12th ACM Conference on Recommender Systems},
  pages={338--346},
  year={2018}
}

@inproceedings{liu2018stamp,
  title={STAMP: short-term attention/memory priority model for session-based recommendation},
  author={Liu, Qiao and Zeng, Yifu and Mokhosi, Refuoe and Zhang, Haibin},
  booktitle={Proceedings of the 24th ACM SIGKDD International Conference on Knowledge Discovery \& Data Mining},
  pages={1831--1839},
  year={2018}
}

@inproceedings{ma2019hierarchical,
  title={Hierarchical gating networks for sequential recommendation},
  author={Ma, Chen and Kang, Peng and Liu, Xue},
  booktitle={Proceedings of the 25th ACM SIGKDD International Conference on Knowledge Discovery \& Data Mining},
  pages={825--833},
  year={2019}
}
@inproceedings{hidasi2018recurrent,
  title={Recurrent neural networks with top-k gains for session-based recommendations},
  author={Hidasi, Bal{\'a}zs and Karatzoglou, Alexandros},
  booktitle={Proceedings of the 27th ACM International Conference on Information and Knowledge Management},
  pages={843--852},
  year={2018}
}

@article{Bernardis2018A,
  title={A novel graph-based model for hybrid recommendations in cold-start scenarios},
  author={Bernardis, Cesare and Dacrema, Maurizio Ferrari and Cremonesi, Paolo},
  year={2018},
}

@inproceedings{cheng2016wide,
  title={Wide \& deep learning for recommender systems},
  author={Cheng, Heng-Tze and Koc, Levent and Harmsen, Jeremiah and Shaked, Tal and Chandra, Tushar and Aradhye, Hrishi and Anderson, Glen and Corrado, Greg and Chai, Wei and Ispir, Mustafa and others},
  booktitle={Proceedings of the 1st workshop on deep learning for recommender systems},
  pages={7--10},
  year={2016}
}

@inproceedings{al-ghossein_adaptive_2018,
	address = {New York, NY, USA},
	series = {{RecSys} '18},
	title = {Adaptive {Collaborative} {Topic} {Modeling} for {Online} {Recommendation}},
	isbn = {978-1-4503-5901-6},
	booktitle = {Proceedings of the 12th {ACM} {Conference} on {Recommender} {Systems}},
	publisher = {ACM},
	author = {Al-Ghossein, Marie and Murena, Pierre-Alexandre and Abdessalem, Talel and Barré, Anthony and Cornuéjols, Antoine},
	year = {2018},
	note = {event-place: Vancouver, British Columbia, Canada},
	keywords = {news, session-based, collaborative},
	pages = {338--346}
}

@inproceedings{jugovac_streamingrec:_2018,
	address = {New York, NY, USA},
	series = {{RecSys} '18},
	title = {Streamingrec: {A} {Framework} for {Benchmarking} {Stream}-based {News} {Recommenders}},
	isbn = {978-1-4503-5901-6},
	shorttitle = {Streamingrec},
	booktitle = {Proceedings of the 12th {ACM} {Conference} on {Recommender} {Systems}},
	publisher = {ACM},
	author = {Jugovac, Michael and Jannach, Dietmar and Karimi, Mozhgan},
	year = {2018},
	note = {event-place: Vancouver, British Columbia, Canada},
	keywords = {evaluation, news},
	pages = {269--273}
}


@inproceedings{zhao_meta-graph_2017,
	address = {Halifax, NS, Canada},
	title = {Meta-{Graph} {Based} {Recommendation} {Fusion} over {Heterogeneous} {Information} {Networks}},
	isbn = {978-1-4503-4887-4},
	language = {en},
	urldate = {2019-09-22},
	booktitle = {Proceedings of the 23rd {ACM} {SIGKDD} {International} {Conference} on {Knowledge} {Discovery} and {Data} {Mining}  - {KDD} '17},
	publisher = {ACM Press},
	author = {Zhao, Huan and Yao, Quanming and Li, Jianda and Song, Yangqiu and Lee, Dik Lun},
	year = {2017},
	keywords = {meta},
	pages = {635--644}
}

@article{wang_ripplenet:_2018,
	title = {{RippleNet}: {Propagating} {User} {Preferences} on the {Knowledge} {Graph} for {Recommender} {Systems}},
	shorttitle = {{RippleNet}},
	urldate = {2019-09-25},
	journal = {Proceedings of the 27th ACM International Conference on Information and Knowledge Management  - CIKM '18},
	author = {Wang, Hongwei and Zhang, Fuzheng and Wang, Jialin and Zhao, Miao and Li, Wenjie and Xie, Xing and Guo, Minyi},
	year = {2018},
	note = {arXiv: 1803.03467},
	keywords = {news, knowledge-based},
	pages = {417--426}
}

@article{moreira_news_2018,
	title = {News {Session}-{Based} {Recommendations} using {Deep} {Neural} {Networks}},
	urldate = {2019-09-25},
	journal = {Proceedings of the 3rd Workshop on Deep Learning for Recommender Systems  - DLRS 2018},
	author = {Moreira, Gabriel de Souza P. and Ferreira, Felipe and da Cunha, Adilson Marques},
	year = {2018},
	note = {arXiv: 1808.00076},
	keywords = {news, session-based},
	pages = {15--23}
}

@inproceedings{gulla_adressa_2017,
	address = {Leipzig, Germany},
	title = {The {Adressa} dataset for news recommendation},
	isbn = {978-1-4503-4951-2},
	language = {en},
	urldate = {2019-09-26},
	booktitle = {Proceedings of the {International} {Conference} on {Web} {Intelligence}  - {WI} '17},
	publisher = {ACM Press},
	author = {Gulla, Jon Atle and Zhang, Lemei and Liu, Peng and Özgöbek, Özlem and Su, Xiaomeng},
	year = {2017},
	keywords = {dataset, news},
	pages = {1042--1048}
}


@inproceedings{wang_modeling_2019,
	address = {San Francisco, CA, USA},
	title = {Modeling {Item}-{Specific} {Temporal} {Dynamics} of {Repeat} {Consumption} for {Recommender} {Systems}},
	isbn = {978-1-4503-6674-8},
	language = {en},
	urldate = {2019-09-26},
	booktitle = {The {World} {Wide} {Web} {Conference} on   - {WWW} '19},
	publisher = {ACM Press},
	author = {Wang, Chenyang and Zhang, Min and Ma, Weizhi and Liu, Yiqun and Ma, Shaoping},
	year = {2019},
	pages = {1977--1987}
}

@inproceedings{xu_recurrent_2019,
	address = {San Francisco, CA, USA},
	title = {Recurrent {Convolutional} {Neural} {Network} for {Sequential} {Recommendation}},
	isbn = {978-1-4503-6674-8},
	language = {en},
	urldate = {2019-09-26},
	booktitle = {The {World} {Wide} {Web} {Conference} on   - {WWW} '19},
	publisher = {ACM Press},
	author = {Xu, Chengfeng and Zhao, Pengpeng and Liu, Yanchi and Xu, Jiajie and S.Sheng, Victor S.Sheng and Cui, Zhiming and Zhou, Xiaofang and Xiong, Hui},
	year = {2019},
	keywords = {session-based, sequence learning},
	pages = {3398--3404}
}

@article{wang_neural_2019,
	title = {Neural {Graph} {Collaborative} {Filtering}},
	url = {http://arxiv.org/abs/1905.08108},
	journal = {Proceedings of the 42nd International ACM SIGIR Conference on Research and Development in Information Retrieval  - SIGIR'19},
	author = {Wang, Xiang and He, Xiangnan and Wang, Meng and Feng, Fuli and Chua, Tat-Seng},
	year = {2019},
	note = {arXiv: 1905.08108},
	keywords = {collaborative},
	pages = {165--174}
}


@inproceedings{lang_newsweeder:_1995,
	title = {Newsweeder: {Learning} to filter netnews},
	booktitle = {Proceedings of the {Twelfth} {International} {Conference} on {Machine} {Learning}},
	author = {Lang, Ken},
	year = {1995},
	pages = {331--339}
}

@inproceedings{kille_plista_2013,
	address = {New York, NY, USA},
	series = {{NRS} '13},
	title = {The {Plista} {Dataset}},
	isbn = {978-1-4503-2302-4},
	urldate = {2019-10-09},
	booktitle = {Proceedings of the 2013 {International} {News} {Recommender} {Systems} {Workshop} and {Challenge}},
	publisher = {ACM},
	author = {Kille, Benjamin and Hopfgartner, Frank and Brodt, Torben and Heintz, Tobias},
	year = {2013},
	note = {event-place: Kowloon, Hong Kong},
	keywords = {dataset, news},
	pages = {16--23}
}

@article{moreira_contextual_2019,
	title = {Contextual {Hybrid} {Session}-based {News} {Recommendation} with {Recurrent} {Neural} {Networks}},
	urldate = {2019-10-16},
	journal = {arXiv:1904.10367 [cs, stat]},
	author = {Moreira, Gabriel de Souza Pereira and Jannach, Dietmar and da Cunha, Adilson Marques},
	month = apr,
	year = {2019},
	note = {arXiv: 1904.10367},
	keywords = {news, session-based}
}

@inproceedings{guo_streaming_2019,
	address = {Anchorage, AK, USA},
	title = {Streaming {Session}-based {Recommendation}},
	isbn = {978-1-4503-6201-6},
	language = {en},
	urldate = {2019-10-22},
	booktitle = {Proceedings of the 25th {ACM} {SIGKDD} {International} {Conference} on {Knowledge} {Discovery} \& {Data} {Mining}  - {KDD} '19},
	publisher = {ACM Press},
	author = {Guo, Lei and Yin, Hongzhi and Wang, Qinyong and Chen, Tong and Zhou, Alexander and Quoc Viet Hung, Nguyen},
	year = {2019},
	keywords = {session-based},
	pages = {1569--1577}
}

@inproceedings{lee_melu:_2019,
	address = {Anchorage, AK, USA},
	title = {{MeLU}: {Meta}-{Learned} {User} {Preference} {Estimator} for {Cold}-{Start} {Recommendation}},
	isbn = {978-1-4503-6201-6},
	shorttitle = {{MeLU}},
	language = {en},
	urldate = {2019-10-22},
	booktitle = {Proceedings of the 25th {ACM} {SIGKDD} {International} {Conference} on {Knowledge} {Discovery} \& {Data} {Mining}  - {KDD} '19},
	publisher = {ACM Press},
	author = {Lee, Hoyeop and Im, Jinbae and Jang, Seongwon and Cho, Hyunsouk and Chung, Sehee},
	year = {2019},
	keywords = {meta},
	pages = {1073--1082},
	file = {Lee 等。 - 2019 - MeLU Meta-Learned User Preference Estimator for C.pdf:files/98/Lee 等。 - 2019 - MeLU Meta-Learned User Preference Estimator for C.pdf:application/pdf}
}

@article{sun_sequence_2001,
	title = {Sequence learning: from recognition and prediction to sequential decision making},
	volume = {16},
	issn = {1541-1672},
	shorttitle = {Sequence learning},
	url = {http://ieeexplore.ieee.org/document/1463065/},
	doi = {10.1109/MIS.2001.1463065},
	language = {en},
	number = {4},
	urldate = {2019-10-30},
	journal = {IEEE Intell. Syst.},
	author = {Sun, R. and Giles, C.L.},
	month = jul,
	year = {2001},
	keywords = {sequence learning},
	pages = {67--70},
	file = {Sun 和 Giles - 2001 - Sequence learning from recognition and prediction.pdf:files/124/Sun 和 Giles - 2001 - Sequence learning from recognition and prediction.pdf:application/pdf}
}

@article{doychev_analysis_nodate,
	title = {An {Analysis} of {Recommender} {Algorithms} for {Online} {News}},
	abstract = {This paper presents the recommendation algorithms used by the Insight UCD team participating in the CLEF-NewsREEL 2014 online news recommendation challenge.},
	language = {en},
	author = {Doychev, Doychin and Lawlor, Aonghus and Rafter, Rachael and Smyth, Barry},
	keywords = {news, session-based},
	pages = {12},
	file = {Doychev 等。 - An Analysis of Recommender Algorithms for Online N.pdf:files/131/Doychev 等。 - An Analysis of Recommender Algorithms for Online N.pdf:application/pdf}
}

@inproceedings{wu_neural_2019,
	address = {Hong Kong, China},
	title = {Neural {News} {Recommendation} with {Multi}-{Head} {Self}-{Attention}},
	urldate = {2019-11-06},
	booktitle = {Proceedings of the 2019 {Conference} on {Empirical} {Methods} in {Natural} {Language} {Processing} and the 9th {International} {Joint} {Conference} on {Natural} {Language} {Processing} ({EMNLP}-{IJCNLP})},
	publisher = {Association for Computational Linguistics},
	author = {Wu, Chuhan and Wu, Fangzhao and Ge, Suyu and Qi, Tao and Huang, Yongfeng and Xie, Xing},
	month = nov,
	year = {2019},
	keywords = {news},
	pages = {6390--6395}
}

@inproceedings{wu_neural_2019-1,
	address = {Hong Kong, China},
	title = {Neural {News} {Recommendation} with {Heterogeneous} {User} {Behavior}},
	url = {https://www.aclweb.org/anthology/D19-1493},
	doi = {10.18653/v1/D19-1493},
	urldate = {2019-11-06},
	booktitle = {Proceedings of the 2019 {Conference} on {Empirical} {Methods} in {Natural} {Language} {Processing} and the 9th {International} {Joint} {Conference} on {Natural} {Language} {Processing} ({EMNLP}-{IJCNLP})},
	publisher = {Association for Computational Linguistics},
	author = {Wu, Chuhan and Wu, Fangzhao and An, Mingxiao and Qi, Tao and Huang, Jianqiang and Huang, Yongfeng and Xie, Xing},
	month = nov,
	year = {2019},
	keywords = {news, user-behavior},
	pages = {4876--4885}
}

@inproceedings{epure_recommending_2017,
	address = {Como, Italy},
	title = {Recommending {Personalized} {News} in {Short} {User} {Sessions}},
	language = {en},
	urldate = {2019-11-06},
	booktitle = {Proceedings of the {Eleventh} {ACM} {Conference} on {Recommender} {Systems} - {RecSys} '17},
	publisher = {ACM Press},
	author = {Epure, Elena Viorica and Kille, Benjamin and Ingvaldsen, Jon Espen and Deneckere, Rebecca and Salinesi, Camille and Albayrak, Sahin},
	year = {2017},
	keywords = {session-based},
	pages = {121--129}
}

@inproceedings{zheng_drn:_2018,
	address = {Lyon, France},
	title = {{DRN}: {A} {Deep} {Reinforcement} {Learning} {Framework} for {News} {Recommendation}},
	isbn = {978-1-4503-5639-8},
	shorttitle = {{DRN}},
	language = {en},
	urldate = {2019-12-04},
	booktitle = {Proceedings of the 2018 {World} {Wide} {Web} {Conference} on {World} {Wide} {Web} - {WWW} '18},
	publisher = {ACM Press},
	author = {Zheng, Guanjie and Zhang, Fuzheng and Zheng, Zihan and Xiang, Yang and Yuan, Nicholas Jing and Xie, Xing and Li, Zhenhui},
	year = {2018},
	keywords = {news, session-based, time},
	pages = {167--176}
}

@article{moreira_importance_2019,
	title = {On the {Importance} of {News} {Content} {Representation} in {Hybrid} {Neural} {Session}-based {Recommender} {Systems}},
	url = {http://arxiv.org/abs/1907.07629},
	urldate = {2019-12-10},
	journal = {arXiv:1907.07629 [cs]},
	author = {Moreira, Gabriel de Souza P. and Jannach, Dietmar and da Cunha, Adilson Marques},
	month = sep,
	year = {2019},
	note = {arXiv: 1907.07629},
	keywords = {news, session-based}
}

@inproceedings{kwak_what_2010,
	address = {Raleigh, North Carolina, USA},
	title = {What is {Twitter}, a social network or a news media?},
	isbn = {978-1-60558-799-8},
	language = {en},
	urldate = {2019-12-12},
	booktitle = {Proceedings of the 19th international conference on {World} wide web - {WWW} '10},
	publisher = {ACM Press},
	author = {Kwak, Haewoon and Lee, Changhyun and Park, Hosung and Moon, Sue},
	year = {2010},
	keywords = {twitter},
	pages = {591}
}

@article{zhu_learning_2018,
	title = {Learning {Tree}-based {Deep} {Model} for {Recommender} {Systems}},
	language = {en},
	urldate = {2019-12-12},
	author = {Zhu, Han and Li, Xiang and Zhang, Pengye and Li, Guozheng and He, Jie and Li, Han and Gai, Kun},
	month = jan,
	year = {2018},
	keywords = {taobao}
}

@inproceedings{guodeepfm2017,
	address = {Melbourne, Australia},
	title = {{DeepFM}: {A} {Factorization}-{Machine} based {Neural} {Network} for {CTR} {Prediction}},
	isbn = {978-0-9992411-0-3},
	shorttitle = {{DeepFM}},
	url = {https://www.ijcai.org/proceedings/2017/239},
	doi = {10.24963/ijcai.2017/239},
	language = {en},
	urldate = {2019-12-17},
	booktitle = {Proceedings of the {Twenty}-{Sixth} {International} {Joint} {Conference} on {Artificial} {Intelligence}},
	publisher = {International Joint Conferences on Artificial Intelligence Organization},
	author = {Guo, Huifeng and Tang, Ruiming and Ye, Yunming and Li, Zhenguo and He, Xiuqiang},
	month = aug,
	year = {2017},
	keywords = {FM},
	pages = {1725--1731}
}

@article{rendle_factorization_2012,
	title = {Factorization {Machines} with {libFM}},
	volume = {3},
	issn = {21576904},
	language = {en},
	number = {3},
	urldate = {2019-12-18},
	journal = {ACM Trans. Intell. Syst. Technol.},
	author = {Rendle, Steffen},
	month = may,
	year = {2012},
	keywords = {FM},
	pages = {1--22}
}

@inproceedings{xin_cfm_2019,
	address = {Macao, China},
	title = {{CFM}: {Convolutional} {Factorization} {Machines} for {Context}-{Aware} {Recommendation}},
	isbn = {978-0-9992411-4-1},
	shorttitle = {{CFM}},
	language = {en},
	urldate = {2020-01-14},
	booktitle = {Proceedings of the {Twenty}-{Eighth} {International} {Joint} {Conference} on {Artificial} {Intelligence}},
	publisher = {International Joint Conferences on Artificial Intelligence Organization},
	author = {Xin, Xin and Chen, Bo and He, Xiangnan and Wang, Dong and Ding, Yue and Jose, Joemon},
	month = aug,
	year = {2019},
	keywords = {FM},
	pages = {3926--3932}
}

@inproceedings{guo_dynamic_2019,
	title = {Dynamic {Item} {Block} and {Prediction} {Enhancing} {Block} for {Sequential} {Recommendation}},
	booktitle = {{IJCAI}},
	author = {Guo, Guibing and Ouyang, Shichang and He, Xiaodong and Yuan, Fajie and Liu, Xiaohua},
	year = {2019},
	keywords = {sequence learning}
}

@article{hidasi2015session,
  title={Session-based recommendations with recurrent neural networks},
  author={Hidasi, Bal{\'a}zs and Karatzoglou, Alexandros and Baltrunas, Linas and Tikk, Domonkos},
  journal={arXiv preprint arXiv:1511.06939},
  year={2015}
}

@inproceedings{wang2019modeling,
  title={Modeling multi-purpose sessions for nextitem recommendations via mixture-channel purpose routing networks},
  author={Wang, Shoujin and Hu, Liang and Wang, Yang and Sheng, Quan Z and Orgun, Mehmet and Cao, Longbing},
  booktitle={Proceedings of the 28th International Joint Conference on Artificial Intelligence},
  pages={1--7},
  year={2019},
  organization={AAAI Press}
}

@inproceedings{dacrema_are_2019,
	address = {Copenhagen, Denmark},
	title = {Are we really making much progress?: a worrying analysis of recent neural recommendation approaches},
	isbn = {978-1-4503-6243-6},
	shorttitle = {Are we really making much progress?},
	language = {en},
	urldate = {2020-02-12},
	booktitle = {Proceedings of the 13th {ACM} {Conference} on {Recommender} {Systems} - {RecSys} '19},
	publisher = {ACM Press},
	author = {Dacrema, Maurizio Ferrari and Cremonesi, Paolo and Jannach, Dietmar},
	year = {2019},
	keywords = {evaluation, survey},
	pages = {101--109}
}

@inproceedings{ludewig_performance_2019,
	address = {Copenhagen, Denmark},
	series = {{RecSys} '19},
	title = {Performance comparison of neural and non-neural approaches to session-based recommendation},
	isbn = {978-1-4503-6243-6},
	urldate = {2020-02-12},
	booktitle = {Proceedings of the 13th {ACM} {Conference} on {Recommender} {Systems}},
	publisher = {Association for Computing Machinery},
	author = {Ludewig, Malte and Mauro, Noemi and Latifi, Sara and Jannach, Dietmar},
	month = sep,
	year = {2019},
	keywords = {evaluation, session-based},
	pages = {462--466}
}

@inproceedings{chen2020efficient,
  title={Efficient Non-Sampling Factorization Machines for Optimal Context-Aware Recommendation},
  author={Chen, Chong and Zhang, Min and Ma, Weizhi and Liu, Yiqun and Ma, Shaoping},
  booktitle={Proceedings of The Web Conference 2020},
  pages={2400--2410},
  year={2020}
}

@inproceedings{ding_infer_2019,
	address = {Anchorage, AK, USA},
	series = {{KDD} '19},
	title = {Infer {Implicit} {Contexts} in {Real}-time {Online}-to-{Offline} {Recommendation}},
	isbn = {978-1-4503-6201-6},
	urldate = {2020-02-26},
	booktitle = {Proceedings of the 25th {ACM} {SIGKDD} {International} {Conference} on {Knowledge} {Discovery} \& {Data} {Mining}},
	publisher = {Association for Computing Machinery},
	author = {Ding, Xichen and Tang, Jie and Liu, Tracy and Xu, Cheng and Zhang, Yaping and Shi, Feng and Jiang, Qixia and Shen, Dan},
	month = jul,
	year = {2019},
	pages = {2336--2346}
}

@inproceedings{wang_neural_2018,
	address = {London, United Kingdom},
	series = {{KDD} '18},
	title = {Neural {Memory} {Streaming} {Recommender} {Networks} with {Adversarial} {Training}},
	isbn = {978-1-4503-5552-0},
	urldate = {2020-03-04},
	booktitle = {Proceedings of the 24th {ACM} {SIGKDD} {International} {Conference} on {Knowledge} {Discovery} \& {Data} {Mining}},
	publisher = {Association for Computing Machinery},
	author = {Wang, Qinyong and Yin, Hongzhi and Hu, Zhiting and Lian, Defu and Wang, Hao and Huang, Zi},
	month = jul,
	year = {2018},
	keywords = {collaborative, sequence learning, sampling},
	pages = {2467--2475}
}

@inproceedings{li_learning_2018,
	address = {London, United Kingdom},
	series = {{KDD} '18},
	title = {Learning from {History} and {Present}: {Next}-item {Recommendation} via {Discriminatively} {Exploiting} {User} {Behaviors}},
	isbn = {978-1-4503-5552-0},
	shorttitle = {Learning from {History} and {Present}},
	urldate = {2020-03-04},
	booktitle = {Proceedings of the 24th {ACM} {SIGKDD} {International} {Conference} on {Knowledge} {Discovery} \& {Data} {Mining}},
	publisher = {Association for Computing Machinery},
	author = {Li, Zhi and Zhao, Hongke and Liu, Qi and Huang, Zhenya and Mei, Tao and Chen, Enhong},
	month = jul,
	year = {2018},
	keywords = {sequence learning},
	pages = {1734--1743}
}

@inproceedings{yi_sampling-bias-corrected_2019,
	address = {Copenhagen, Denmark},
	series = {{RecSys} '19},
	title = {Sampling-bias-corrected neural modeling for large corpus item recommendations},
	isbn = {978-1-4503-6243-6},
	urldate = {2020-03-04},
	booktitle = {Proceedings of the 13th {ACM} {Conference} on {Recommender} {Systems}},
	publisher = {Association for Computing Machinery},
	author = {Yi, Xinyang and Yang, Ji and Hong, Lichan and Cheng, Derek Zhiyuan and Heldt, Lukasz and Kumthekar, Aditee and Zhao, Zhe and Wei, Li and Chi, Ed},
	month = sep,
	year = {2019},
	keywords = {sampling},
	pages = {269--277}
}

@inproceedings{wu_recommender_2019,
	address = {Copenhagen, Denmark},
	series = {{RecSys} '19},
	title = {A recommender system for heterogeneous and time sensitive environment},
	isbn = {978-1-4503-6243-6},
	urldate = {2020-03-04},
	booktitle = {Proceedings of the 13th {ACM} {Conference} on {Recommender} {Systems}},
	publisher = {Association for Computing Machinery},
	author = {Wu, Meng and Zhu, Ying and Yu, Qilian and Rajendra, Bhargav and Zhao, Yunqi and Aghdaie, Navid and Zaman, Kazi A.},
	month = sep,
	year = {2019},
	keywords = {time},
	pages = {210--218}
}

@inproceedings{lei_tissa_2019,
	address = {San Francisco, CA, USA},
	series = {{WWW} '19},
	title = {{TiSSA}: {A} {Time} {Slice} {Self}-{Attention} {Approach} for {Modeling} {Sequential} {User} {Behaviors}},
	isbn = {978-1-4503-6674-8},
	shorttitle = {{TiSSA}},
	urldate = {2020-04-08},
	booktitle = {The {World} {Wide} {Web} {Conference}},
	publisher = {Association for Computing Machinery},
	author = {Lei, Chenyi and Ji, Shouling and Li, Zhao},
	month = may,
	year = {2019},
	keywords = {sequence learning, time},
	pages = {2964--2970}
}

@inproceedings{zhou_variational_2019,
	address = {San Francisco, CA, USA},
	series = {{WWW} '19},
	title = {Variational {Session}-based {Recommendation} {Using} {Normalizing} {Flows}},
	urldate = {2020-04-08},
	booktitle = {The {World} {Wide} {Web} {Conference}},
	publisher = {Association for Computing Machinery},
	author = {Zhou, Fan and Wen, Zijing and Zhang, Kunpeng and Trajcevski, Goce and Zhong, Ting},
	month = may,
	year = {2019},
	keywords = {session-based},
	pages = {3476--3475}
}

@inproceedings{song_islf_2019,
	address = {Macao, China},
	title = {{ISLF}: {Interest} {Shift} and {Latent} {Factors} {Combination} {Model} for {Session}-based {Recommendation}},
	isbn = {978-0-9992411-4-1},
	shorttitle = {{ISLF}},
	language = {en},
	urldate = {2020-04-21},
	booktitle = {Proceedings of the {Twenty}-{Eighth} {International} {Joint} {Conference} on {Artificial} {Intelligence}},
	publisher = {International Joint Conferences on Artificial Intelligence Organization},
	author = {Song, Jing and Shen, Hong and Ou, Zijing and Zhang, Junyi and Xiao, Teng and Liang, Shangsong},
	month = aug,
	year = {2019},
	keywords = {session-based},
	pages = {5765--5771}
}

@inproceedings{lu_quality_2019,
	address = {San Francisco, CA, USA},
	series = {{WWW} '19},
	title = {Quality {Effects} on {User} {Preferences} and {Behaviorsin} {Mobile} {News} {Streaming}},
	urldate = {2020-04-21},
	booktitle = {The {World} {Wide} {Web} {Conference}},
	publisher = {Association for Computing Machinery},
	author = {Lu, Hongyu and Zhang, Min and Ma, Weizhi and Shao, Yunqiu and Liu, Yiqun and Ma, Shaoping},
	month = may,
	year = {2019},
	keywords = {news},
	pages = {1187--1197}
}

@inproceedings{smadja_understanding_2019,
	address = {San Francisco, CA, USA},
	title = {Understanding {Reader} {Backtracking} {Behavior} in {Online} {News} {Articles}},
	language = {en},
	urldate = {2020-04-21},
	booktitle = {The {World} {Wide} {Web} {Conference} on   - {WWW} '19},
	publisher = {ACM Press},
	author = {Smadja, Uzi and Grusky, Max and Artzi, Yoav and Naaman, Mor},
	year = {2019},
	keywords = {news},
	pages = {3237--3243}
}

@article{yu_multi-order_2019,
	title = {Multi-{Order} {Attentive} {Ranking} {Model} for {Sequential} {Recommendation}},
	volume = {33},
	issn = {2374-3468, 2159-5399},
	language = {en},
	urldate = {2020-04-21},
	journal = {AAAI},
	author = {Yu, Lu and Zhang, Chuxu and Liang, Shangsong and Zhang, Xiangliang},
	month = jul,
	year = {2019},
	keywords = {sequence learning},
	pages = {5709--5716},
	file = {marank-AAAI19.pdf:files/330/marank-AAAI19.pdf:application/pdf}
}

@inproceedings{huang_learning_2013,
	address = {San Francisco, California, USA},
	title = {Learning deep structured semantic models for web search using clickthrough data},
	isbn = {978-1-4503-2263-8},
	url = {http://dl.acm.org/citation.cfm?doid=2505515.2505665},
	doi = {10.1145/2505515.2505665},
	language = {en},
	urldate = {2020-04-22},
	booktitle = {Proceedings of the 22nd {ACM} international conference on {Conference} on information \& knowledge management - {CIKM} '13},
	publisher = {ACM Press},
	author = {Huang, Po-Sen and He, Xiaodong and Gao, Jianfeng and Deng, Li and Acero, Alex and Heck, Larry},
	year = {2013},
	keywords = {sampling},
	pages = {2333--2338}
}

@inproceedings{pereira_online_2019,
	address = {Copenhagen, Denmark},
	series = {{RecSys} '19},
	title = {Online learning to rank for sequential music recommendation},
	isbn = {978-1-4503-6243-6},
	url = {https://doi.org/10.1145/3298689.3347019},
	doi = {10.1145/3298689.3347019},
	urldate = {2020-04-21},
	booktitle = {Proceedings of the 13th {ACM} {Conference} on {Recommender} {Systems}},
	publisher = {Association for Computing Machinery},
	author = {Pereira, Bruno L. and Ueda, Alberto and Penha, Gustavo and Santos, Rodrygo L. T. and Ziviani, Nivio},
	month = sep,
	year = {2019},
	keywords = {sequence learning},
	pages = {237--245}
}

@article{moreira_comparing_nodate,
	title = {Comparing offline and online recommender system evaluations on long-tail distributions},
	language = {en},
	author = {Moreira, Gabriel S P and Souza, Gilmar},
	keywords = {evaluation},
	pages = {2}
}

@inproceedings{zhang_feature-level_2019,
	address = {Macao, China},
	title = {Feature-level {Deeper} {Self}-{Attention} {Network} for {Sequential} {Recommendation}},
	language = {en},
	urldate = {2020-04-22},
	booktitle = {Proceedings of the {Twenty}-{Eighth} {International} {Joint} {Conference} on {Artificial} {Intelligence}},
	publisher = {International Joint Conferences on Artificial Intelligence Organization},
	author = {Zhang, Tingting and Zhao, Pengpeng and Liu, Yanchi and Sheng, Victor S. and Xu, Jiajie and Wang, Deqing and Liu, Guanfeng and Zhou, Xiaofang},
	month = aug,
	year = {2019},
	keywords = {sequence learning},
	pages = {4320--4326}
}

@article{kang_self-attentive_2018,
	title = {Self-{Attentive} {Sequential} {Recommendation}},
	url = {http://arxiv.org/abs/1808.09781},
	urldate = {2020-04-22},
	journal = {arXiv:1808.09781 [cs]},
	author = {Kang, Wang-Cheng and McAuley, Julian},
	month = aug,
	year = {2018},
	note = {arXiv: 1808.09781},
	keywords = {sequence learning}
}

@article{kim_sequential_nodate,
	title = {Sequential and {Diverse} {Recommendation} with {Long} {Tail}},
	language = {en},
	author = {Kim, Yejin and Kim, Kwangseob and Park, Chanyoung and Yu, Hwanjo},
	keywords = {sequence learning},
	pages = {7},
	file = {Kim 等。 - Sequential and Diverse Recommendation with Long Ta.pdf:files/349/Kim 等。 - Sequential and Diverse Recommendation with Long Ta.pdf:application/pdf}
}

@inproceedings{heng_domain-aware_2019,
	address = {San Francisco, CA, USA},
	series = {{WWW} '19},
	title = {Domain-aware {Neural} {Model} for {Sequence} {Labeling} using {Joint} {Learning}},
	isbn = {978-1-4503-6674-8},
	url = {https://doi.org/10.1145/3308558.3313566},
	doi = {10.1145/3308558.3313566},
	urldate = {2020-04-21},
	booktitle = {The {World} {Wide} {Web} {Conference}},
	publisher = {Association for Computing Machinery},
	author = {Heng, Huang and Xiaozhong, Liu and Yan, Yuliang},
	month = may,
	year = {2019},
	pages = {2837--2843}
}

@article{tang_towards_2019,
	title = {Towards {Neural} {Mixture} {Recommender} for {Long} {Range} {Dependent} {User} {Sequences}},
	urldate = {2020-04-22},
	journal = {The World Wide Web Conference on   - WWW '19},
	author = {Tang, Jiaxi and Belletti, Francois and Jain, Sagar and Chen, Minmin and Beutel, Alex and Xu, Can and Chi, Ed H.},
	year = {2019},
	note = {arXiv: 1902.08588},
	keywords = {sequence learning},
	pages = {1782--1793},
	file = {arXiv Fulltext PDF:files/355/Tang 等。 - 2019 - Towards Neural Mixture Recommender for Long Range .pdf:application/pdf;arXiv.org Snapshot:files/356/1902.html:text/html}
}

@inproceedings{rakkappan_context-aware_2019,
	address = {San Francisco, CA, USA},
	series = {{WWW} '19},
	title = {Context-{Aware} {Sequential} {Recommendations} {withStacked} {Recurrent} {Neural} {Networks}},
	isbn = {978-1-4503-6674-8},
	urldate = {2020-04-21},
	booktitle = {The {World} {Wide} {Web} {Conference}},
	publisher = {Association for Computing Machinery},
	author = {Rakkappan, Lakshmanan and Rajan, Vaibhav},
	month = may,
	year = {2019},
	keywords = {sequence learning, time},
	pages = {3172--3178},
	file = {Full Text PDF:files/358/Rakkappan 和 Rajan - 2019 - Context-Aware Sequential Recommendations withStack.pdf:application/pdf}
}

@inproceedings{xiao_hierarchical_2019,
	address = {San Francisco, CA, USA},
	series = {{WWW} '19},
	title = {Hierarchical {Neural} {Variational} {Model} for {Personalized} {Sequential} {Recommendation}},
	isbn = {978-1-4503-6674-8},
	urldate = {2020-04-21},
	booktitle = {The {World} {Wide} {Web} {Conference}},
	publisher = {Association for Computing Machinery},
	author = {Xiao, Teng and Liang, Shangsong and Meng, Zaiqiao},
	month = may,
	year = {2019},
	keywords = {sequence learning},
	pages = {3377--3383},
	file = {Full Text PDF:files/360/Xiao 等。 - 2019 - Hierarchical Neural Variational Model for Personal.pdf:application/pdf}
}

@article{zhou_atrank_2017,
	title = {{ATRank}: {An} {Attention}-{Based} {User} {Behavior} {Modeling} {Framework} for {Recommendation}},
	shorttitle = {{ATRank}},
	urldate = {2020-04-22},
	journal = {arXiv:1711.06632 [cs]},
	author = {Zhou, Chang and Bai, Jinze and Song, Junshuai and Liu, Xiaofei and Zhao, Zhengchao and Chen, Xiusi and Gao, Jun},
	month = nov,
	year = {2017},
	note = {arXiv: 1711.06632},
	file = {arXiv Fulltext PDF:files/363/Zhou 等。 - 2017 - ATRank An Attention-Based User Behavior Modeling .pdf:application/pdf;arXiv.org Snapshot:files/364/1711.html:text/html}
}

@inproceedings{koren_collaborative_2009,
	title = {Collaborative filtering with temporal dynamics},
	booktitle = {In {Proc}. of {KDD} ’09},
	author = {Koren, Yehuda},
	year = {2009},
	keywords = {collaborative, time},
	pages = {447--456},
	file = {Citeseer - Full Text PDF:files/367/Koren - 2009 - Collaborative filtering with temporal dynamics.pdf:application/pdf;Citeseer - Snapshot:files/366/summary.html:text/html}
}

@article{ma_gated_2018,
	title = {Gated {Attentive}-{Autoencoder} for {Content}-{Aware} {Recommendation}},
	urldate = {2020-04-22},
	journal = {arXiv:1812.02869 [cs]},
	author = {Ma, Chen and Kang, Peng and Wu, Bin and Wang, Qinglong and Liu, Xue},
	month = dec,
	year = {2018},
	note = {arXiv: 1812.02869},
	file = {arXiv Fulltext PDF:files/370/Ma 等。 - 2018 - Gated Attentive-Autoencoder for Content-Aware Reco.pdf:application/pdf;arXiv.org Snapshot:files/371/1812.html:text/html}
}

@inproceedings{ludmann_recommending_2017,
	title = {Recommending {News} {Articles} in the {CLEF} {News} {Recommendation} {Evaluation} {Lab} with the {Data} {Stream} {Management} {System} {Odysseus}},
	booktitle = {{CLEF}},
	author = {Ludmann, Cornelius A.},
	year = {2017},
	keywords = {news},
	file = {Full Text PDF:files/374/Ludmann - 2017 - Recommending News Articles in the CLEF News Recomm.pdf:application/pdf}
}

@inproceedings{Rendle2009BPR,
author = {Rendle, Steffen and Freudenthaler, Christoph and Gantner, Zeno and Schmidt-Thieme, Lars},
title = {BPR: Bayesian Personalized Ranking from Implicit Feedback},
year = {2009},
isbn = {9780974903958},
publisher = {AUAI Press},
address = {Arlington, Virginia, USA},
booktitle = {Proceedings of the Twenty-Fifth Conference on Uncertainty in Artificial Intelligence},
pages = {452–461},
numpages = {10},
location = {Montreal, Quebec, Canada},
series = {UAI'09}
}