\bibliographystyle{./IEEEtran}
\bibliography{./icdm}

@incollection{van2005ontology,
  title={Ontology mapping: a way out of the medical tower of Babel?},
  author={Van Harmelen, Frank},
  booktitle={Artificial Intelligence in Medicine},
  pages={3--6},
  year={2005},
  publisher={Springer}
}

@article{john2012semantic,
  title={What is Semantic Search?},
  author={John, Tony},
  journal={Techulator. Retrieved July},
  volume={13},
  year={2012}
}


@inproceedings{ceccaroni2002modeling,
  title={Modeling Utility Ontologies in Agentcities with a Collaborative Approach},
  author={Ceccaroni, Luigi and Ribiere, Myriam},
  booktitle={Proceedings of the workshop AAMAS},
  pages={W10},
  year={2002}
}

@inproceedings{gong2015representing,
  title={Representing Verbs as Argument Concepts},
  author={Yu Gone and Kaiqi Zhao and Kenny Q. Zhu},
  booktitle={AAAI},
  year={2015}
}

@article{gildea2002automatic,
  title={Automatic labeling of semantic roles},
  author={Gildea, Daniel and Jurafsky, Daniel},
  journal={Computational linguistics},
  volume={28},
  number={3},
  pages={245--288},
  year={2002},
  publisher={MIT press}
}

@article{resnik1996selectional,
  title={Selectional constraints: An information-theoretic model and its computational realization},
  author={Resnik, Philip},
  journal={Cognition},
  volume={61},
  number={1},
  pages={127--159},
  year={1996},
  publisher={Elsevier}
}

@inproceedings{wu2012probase,
  title={Probase: A Probabilistic Taxonomy for Text Understanding},
  author={Wu, Wentao and Li, Hongsong and Wang, Haixun and Zhu, Kenny Q},
  booktitle={ACM SIGMOD},
  year={2012}
}

@misc{wiktionary,
author={Wiktionary},
year = {2016},
title = {Wiktionary},
howpublished = "\url{http://www.wiktionary.org}"
}

@Book{wn,
    title = {WordNet: An Electronic Lexical Database},
    author = {Christiane Fellaum},
    year = {1998},
         publisher = {Bradford Books},
}

@article{palmer2005proposition,
  title={The proposition bank: An annotated corpus of semantic roles},
  author={Palmer, Martha and Gildea, Daniel and Kingsbury, Paul},
  journal={Computational linguistics},
  volume={31},
  number={1},
  pages={71--106},
  year={2005},
  publisher={MIT press}
}

@inproceedings{manning2014stanford,
  title={The Stanford CoreNLP Natural Language Processing Toolkit.},
  author={Manning, Christopher D and Surdeanu, Mihai and Bauer, John and Finkel, Jenny Rose and Bethard, Steven and McClosky, David},
  booktitle={ACL (System Demonstrations)},
  pages={55--60},
  year={2014}
}

@article{blei2003latent,
  title={Latent dirichlet allocation},
  author={Blei, David M and Ng, Andrew Y and Jordan, Michael I},
  journal={the Journal of machine Learning research},
  volume={3},
  pages={993--1022},
  year={2003},
  publisher={JMLR. org}
}

@book{rajaraman2012mining,
  title={Mining of massive datasets},
  author={Rajaraman, Anand and Ullman, Jeffrey D and Ullman, Jeffrey David and Ullman, Jeffrey David},
  volume={1},
  year={2012},
  publisher={Cambridge University Press Cambridge}
}

@inproceedings{papadimitriou1998latent,
  title={Latent semantic indexing: A probabilistic analysis},
  author={Papadimitriou, Christos H and Tamaki, Hisao and Raghavan, Prabhakar and Vempala, Santosh},
  booktitle={Proceedings of the seventeenth ACM SIGACT-SIGMOD-SIGART symposium on Principles of database systems},
  pages={159--168},
  year={1998},
  organization={ACM}
}

@inproceedings{ntoulas2004s,
  title={What's new on the web?: the evolution of the web from a search engine perspective},
  author={Ntoulas, Alexandros and Cho, Junghoo and Olston, Christopher},
  booktitle={Proceedings of the 13th international conference on World Wide Web},
  pages={1--12},
  year={2004},
  organization={ACM}
}

@inproceedings{kipper2000class,
  title={Class-based construction of a verb lexicon},
  author={Kipper, Karin and Dang, Hoa Trang and Palmer, Martha and others},
  booktitle={AAAI/IAAI},
  pages={691--696},
  year={2000}
}

@inproceedings{baker1998berkeley,
  title={The berkeley framenet project},
  author={Baker, Collin F and Fillmore, Charles J and Lowe, John B},
  booktitle={Proceedings of the 17th international conference on Computational linguistics-Volume 1},
  pages={86--90},
  year={1998},
  organization={Association for Computational Linguistics}
}

@inproceedings{demartini2013crowdq,
  title={CrowdQ: Crowdsourced Query Understanding.},
  author={Demartini, Gianluca and Trushkowsky, Beth and Kraska, Tim and Franklin, Michael J},
  booktitle={CIDR},
  year={2013}
}

@inproceedings{arguello2009sources,
  title={Sources of evidence for vertical selection},
  author={Arguello, Jaime and Diaz, Fernando and Callan, Jamie and Crespo, Jean-Francois},
  booktitle={Proceedings of the 32nd international ACM SIGIR conference on Research and development in information retrieval},
  pages={315--322},
  year={2009},
  organization={ACM}
}

@article{bonino2004ontology,
  title={Ontology driven semantic search},
  author={Bonino, Dario and Corno, Fulvio and Farinetti, Laura and Bosca, Alessio},
  journal={WSEAS Transaction on Information Science and Application},
  volume={1},
  number={6},
  pages={1597--1605},
  year={2004}
}

@inproceedings{pasca2008weakly,
  title={Weakly-Supervised Acquisition of Open-Domain Classes and Class Attributes from Web Documents and Query Logs.},
  author={Pasca, Marius and Van Durme, Benjamin},
  booktitle={ACL},
  pages={19--27},
  year={2008}
}

@inproceedings{manshadi2009semantic,
  title={Semantic tagging of web search queries},
  author={Manshadi, Mehdi and Li, Xiao},
  booktitle={Proceedings of the Joint Conference of the 47th Annual Meeting of the ACL and the 4th International Joint Conference on Natural Language Processing of the AFNLP: Volume 2-Volume 2},
  pages={861--869},
  year={2009},
  organization={Association for Computational Linguistics}
}

 
