% Use this file for citations not found in the ACL Anthology (contained in "anthology.bib").

@online{noauthor_internationalphoneticalphabet_nodate,
	title = {internationalphoneticalphabet},
	url = {https://www.internationalphoneticalphabet.org/ipa-sounds/ipa-chart-with-sounds/#ipachartstart},
	titleaddon = {nternationalphoneticalphabet},
}

@book{zhao_hanyu_2015,
	location = {Beijing},
	title = {\begin{CJK*}{UTF8}{gbsn}
汉语音韵学概论\end{CJK*} [Introduction to Chinese Historical Phonology]},
	isbn = {9787300209555},
	pages = {4-5},
	publisher = {\begin{CJK*}{UTF8}{gbsn}
中国人民大学出版社\end{CJK*} [China Renmin University Press]},
	author = {Zhao, Tong},
	year = {2015},
}

@inproceedings{lyu2021glyph,
  title={Glyph enhanced Chinese character pre-training for lexical sememe prediction},
  author={Lyu, Boer and Chen, Lu and Yu, Kai},
  booktitle={Findings of the Association for Computational Linguistics: EMNLP 2021},
  pages={4549--4555},
  year={2021}
}

@inproceedings{ke2017radical,
  title={Radical-level ideograph encoder for RNN-based sentiment analysis of Chinese and Japanese},
  author={Ke, Yuanzhi and Hagiwara, Masafumi},
  booktitle={Asian Conference on Machine Learning},
  pages={561--573},
  year={2017},
  organization={PMLR}
}

@article{nguyen2019hierarchical,
  title={Hierarchical character embeddings: Learning phonological and semantic representations in languages of logographic origin using recursive neural networks},
  author={Nguyen, Minh and Ngo, Gia H and Chen, Nancy F},
  journal={IEEE/ACM Transactions on Audio, Speech, and Language Processing},
  volume={28},
  pages={461--473},
  year={2019},
  publisher={IEEE}
}

@inproceedings{liu2020k,
  title={K-{B}ert: Enabling language representation with knowledge graph},
  author={Liu, Weijie and Zhou, Peng and Zhao, Zhe and Wang, Zhiruo and Ju, Qi and Deng, Haotang and Wang, Ping},
  booktitle={Proceedings of the AAAI Conference on Artificial Intelligence},
  volume={34},
  number={03},
  pages={2901--2908},
  year={2020}
}

@inproceedings{chang_wikihan_2022,
	title = {{WikiHan}: {A} {New} {Comparative} {Dataset} for {Chinese} {Languages}},
    author = {Chang, Kalvin and Cui, Chenxuan and Kim, Youngmin and Mortensen, David R.},
	shorttitle = {{WikiHan}},
	urldate = {2023-07-02},
	booktitle = {Proceedings of the 29th {International} {Conference} on {Computational} {Linguistics}},
	publisher = {International Committee on Computational Linguistics},
	month = oct,
	year = {2022},
	pages = {3563--3569}
}


@inproceedings{kim_transformed_2023,
	location = {Toronto, Canada},
	title = {Transformed Protoform Reconstruction},
	doi = {10.18653/v1/2023.acl-short.3},
	eventtitle = {{ACL} 2023},
	pages = {24--38},
	booktitle = {Proceedings of the 61st Annual Meeting of the Association for Computational Linguistics (Volume 2: Short Papers)},
	publisher = {Association for Computational Linguistics},
	author = {Kim, Young Min and Chang, Kalvin and Cui, Chenxuan and Mortensen, David R.},
	editor = {Rogers, Anna and Boyd-Graber, Jordan and Okazaki, Naoaki},
	urldate = {2023-11-06},
	year = {2023},
}

@book{hou_j_xiandai_2004,
	title = {{X}iandai {H}anyu {F}angyan {Y}inku \begin{CJK*}{UTF8}{gbsn}
现代汉语方言音库\end{CJK*} [{P}honological database of {C}hinese dialects]},
	rights = {Shanghai: Shanghai Jiaoyu.},
	doi = {10.5281/zenodo.5126858},
	version = {v1.0},
	publisher = {\begin{CJK*}{UTF8}{gbsn}
上海教育出版社\end{CJK*}[Shanghai Educational Publishing House]},
	author = {Hou, Jingyi},
	year = {2004},
	keywords = {cldf:Wordlist, linguistics},
}

@book{karlgren_etudes_1915,
	location = {Leyde et Stockholm},
	title = {Études sur la phonologie chinoise},
	author = {Karlgren, Bernhard},
	year = {1915},
    publisher = {Leyde et Stockholm}
}

@article {TheReconstructionofAncientChinese,
      author = "Bernhard Karlgren",
      title = "The Reconstruction of Ancient Chinese",
      journal = "T'oung Pao",
      year = "1922",
      publisher = "Brill",
      address = "Leiden, The Netherlands",
      volume = "21",
      number = "1",
      doi = "10.1163/156853222X00015",
      pages=      "1 - 42",
      url = "https://brill.com/view/journals/tpao/21/1/article-p1_1.xml"
}

@article {Pulleyblank_1991,
      author = "Laurent Sagart",
      title = "Lexicon of Reconstructed Pronunciation in Early Middle Chinese, Late Middle Chinese and Early Mandarin Vancouver: University of British Columbia Press.",
      journal = "Cahiers de Linguistique Asie Orientale",
      year = "1991",
      publisher = "Brill",
      address = "Leiden, The Netherlands",
      volume = "20",
      number = "2",
      doi = "10.1163/19606028-90000047",
      pages=      "247 - 248",
      url = "https://brill.com/view/journals/clao/20/2/article-p247_6.xml"
}

@misc{kanji_database_project__2004,
	title = {\begin{CJK*}{UTF8}{min}宋本廣韻データ\end{CJK*} [{S}ongben {G}uangyun]},
	url = {https://kanji-database.sourceforge.net/dict/sbgy/index.html},
	author = {KanjiDatabaseProject},
	urldate = {2024-06-10},
	year = {2004},
}


@book{wang_l_hanyu_2012,
	title = {\begin{CJK*}{UTF8}{gbsn}汉语语音史\end{CJK*} [A History of Chinese Phonetics]},
	isbn = {978-7-101-09703-0},
	publisher = {\begin{CJK*}{UTF8}{gbsn}中华书局\end{CJK*}[Zhonghua Book Company]},
	author = {Wang,Li},
	year = {2012},
}


@inproceedings{akavarapu_cognate_2023,
	location = {Singapore},
	title = {Cognate Transformer for Automated Phonological Reconstruction and Cognate Reflex Prediction},
	url = {https://aclanthology.org/2023.emnlp-main.423},
	doi = {10.18653/v1/2023.emnlp-main.423},
	eventtitle = {{EMNLP} 2023},
	pages = {6852--6862},
	booktitle = {Proceedings of the 2023 Conference on Empirical Methods in Natural Language Processing},
	publisher = {Association for Computational Linguistics},
	author = {Akavarapu, V.S.D.S.Mahesh and Bhattacharya, Arnab},
	editor = {Bouamor, Houda and Pino, Juan and Bali, Kalika},
	urldate = {2023-12-25},
	year = {2023},
}

@inproceedings{meloni_ab_2021,
	location = {Online},
	title = {Ab Antiquo: Neural Proto-language Reconstruction},
	url = {https://aclanthology.org/2021.naacl-main.353},
	doi = {10.18653/v1/2021.naacl-main.353},
	shorttitle = {Ab Antiquo},
	eventtitle = {{NAACL}-{HLT} 2021},
	pages = {4460--4473},
	booktitle = {Proceedings of the 2021 Conference of the North American Chapter of the Association for Computational Linguistics: Human Language Technologies},
	publisher = {Association for Computational Linguistics},
	author = {Meloni, Carlo and Ravfogel, Shauli and Goldberg, Yoav},
	editor = {Toutanova, Kristina and Rumshisky, Anna and Zettlemoyer, Luke and Hakkani-Tur, Dilek and Beltagy, Iz and Bethard, Steven and Cotterell, Ryan and Chakraborty, Tanmoy and Zhou, Yichao},
	urldate = {2023-11-06},
	year = {2021},
}


@inproceedings{list_sigtyp_2022,
	location = {Seattle, Washington},
	title = {The {SIGTYP} 2022 Shared Task on the Prediction of Cognate Reflexes},
	url = {https://aclanthology.org/2022.sigtyp-1.7},
	doi = {10.18653/v1/2022.sigtyp-1.7},
	eventtitle = {{SIGTYP} 2022},
	pages = {52--62},
	booktitle = {Proceedings of the 4th Workshop on Research in Computational Linguistic Typology and Multilingual {NLP}},
	publisher = {Association for Computational Linguistics},
	author = {List, Johann-Mattis and Vylomova, Ekaterina and Forkel, Robert and Hill, Nathan and Cotterell, Ryan},
	editor = {Vylomova, Ekaterina and Ponti, Edoardo and Cotterell, Ryan},
	urldate = {2023-12-26},
	year = {2022},
}

@inproceedings{zhang-li-2023-large,
    title = "Can Large Langauge Model Comprehend {A}ncient {C}hinese? A Preliminary Test on {ACLUE}",
    author = "Zhang, Yixuan  and
      Li, Haonan",
    editor = "Anderson, Adam  and
      Gordin, Shai  and
      Li, Bin  and
      Liu, Yudong  and
      Passarotti, Marco C.",
    booktitle = "Proceedings of the Ancient Language Processing Workshop",
    month = sep,
    year = "2023",
    address = "Varna, Bulgaria",
    publisher = "INCOMA Ltd., Shoumen, Bulgaria",
    url = "https://aclanthology.org/2023.alp-1.9",
    pages = "80--87",
}
@book{guangyun_1936,
  title={\begin{CJK*}{UTF8}{min}廣韻: 5卷\end{CJK*} [Guangyun: 5 volumes]},
  url={https://books.google.com.tw/books?id=x96hPwAACAAJ},
  year={1936},
  publisher={\begin{CJK*}{UTF8}{gbsn}中华书局\end{CJK*}[Zhonghua Book Company]},
author = {Chen,Pengnian},
}

@book{zuofan_1936,
  title={\begin{CJK*}{UTF8}{gbsn}汉语语音史教程\end{CJK*} [{H}anyu {Y}uyinshi {J}iaocheng]},
  year={2011},
  publisher={\begin{CJK*}{UTF8}{gbsn}北京大学出版社\end{CJK*}[Peking University Press]},
author = {Tang, Zuofan},
}

@article{devlin2018bert,
  title={Bert: {P}re-training of deep bidirectional transformers for language understanding},
  author={Devlin, Jacob and Chang, Ming-Wei and Lee, Kenton and Toutanova, Kristina},
  journal={arXiv preprint arXiv:1810.04805},
  year={2018}
}

@book{duanmu2007phonology,
  title={The phonology of standard Chinese},
  author={Duanmu, San},
  year={2007},
  publisher={OUP Oxford}
}

@article{zhiping_1986_tone,
 author = {Yuchi, Zhiping},
 title = {\begin{CJK*}{UTF8}{gbsn}日本悉昙家所传古汉语调值\end{CJK*} [Pitch of tones for Ancient Chinese Transmitted by Japanese Siddhanta Scholars]},
 journal = {\begin{CJK*}{UTF8}{gbsn}语言研究\end{CJK*}[Studies in Language and Linguistics]},
 volume = {},
 number = {02},
 pages = {17-35},
 year = {1986},
 }

@article{xiangdong_earlytang,
author = {Shi, Xiangdong},
title = {\begin{CJK*}{UTF8}{gbsn}玄奘译著中的梵汉对音和唐初中原方音\end{CJK*} [{S}anskrit-{C}hinese syntax in {X}uanzang's translations and pronunciation in the {C}entral {P}lains of the {E}arly {T}ang dynasty]},
journal = {\begin{CJK*}{UTF8}{gbsn}语言研究\end{CJK*}[Studies in Language and Linguistics]},
volume = {},
pages = {27-48},
year = {1983},
}

@article{wuyun_1982,
    author = {Pan, Wuyun},
    title = {\begin{CJK*}{UTF8}{gbsn}关于汉语声调发展的几个问题\end{CJK*} [{S}everal problems in the development of {C}hinese tones]},
    journal = {\begin{CJK*}{UTF8}{gbsn}中国语言学报\end{CJK*} [Journal of Chinese Linguistics]},
    volume = {10},
    number = {02},
    pages = {359-386},
    year = {1982},
}
