@inproceedings{li2018story,
	title={A Story Coherence based Neural Network Model for Predicting Story Ending},
	author={Li, Qian and Li, Ziwei and Wei, Jin-Mao and Yang, Zhenglu and Gu, Yanhui and Kiran, R Uday},
	booktitle={Companion of the The Web Conference 2018 on The Web Conference 2018},
	pages={119--120},
	year={2018},
	organization={International World Wide Web Conferences Steering Committee}
}

@inproceedings{cai2017pay,
	title={Pay attention to the ending: Strong neural baselines for the ROC story cloze task},
	author={Cai, Zheng and Tu, Lifu and Gimpel, Kevin},
	booktitle={Proceedings of the 55th Annual Meeting of the Association for Computational Linguistics (Volume 2: Short Papers)},
	volume={2},
	pages={616--622},
	year={2017}
}

@inproceedings{chaturvedi2017story,
	title={Story Comprehension for Predicting What Happens Next},
	author={Chaturvedi, Snigdha and Peng, Haoruo and Roth, Dan},
	booktitle={Proceedings of the 2017 Conference on Empirical Methods in Natural Language Processing},
	pages={1603--1614},
	year={2017}
}

@article{srinivasan2018simple,
	title={A Simple and Effective Approach to the Story Cloze Test},
	author={Srinivasan, Siddarth and Arora, Richa and Riedl, Mark},
	journal={arXiv preprint arXiv:1803.05547},
	year={2018}
}


@inproceedings{wang2017conditional,
	title={Conditional generative adversarial networks for commonsense machine comprehension},
	author={Wang, Bingning and Liu, Kang and Zhao, Jun},
	booktitle={Proceedings of the Twenty-Sixth International Joint Conference on Artificial Intelligence, IJCAI-17},
	pages={4123--4129},
	year={2017}
}

@inproceedings{roemmele2017rnn,
	title={An rnn-based binary classifier for the story cloze test},
	author={Roemmele, Melissa and Kobayashi, Sosuke and Inoue, Naoya and Gordon, Andrew},
	booktitle={Proceedings of the 2nd Workshop on Linking Models of Lexical, Sentential and Discourse-level Semantics},
	pages={74--80},
	year={2017}
}

@article{mostafazadeh2016corpus,
	title={A corpus and evaluation framework for deeper understanding of commonsense stories},
	author={Mostafazadeh, Nasrin and Chambers, Nathanael and He, Xiaodong and Parikh, Devi and Batra, Dhruv and Vanderwende, Lucy and Kohli, Pushmeet and Allen, James},
	journal={arXiv preprint arXiv:1604.01696},
	year={2016}
}

@article{mani2012computational,
	title={Computational modeling of narrative},
	author={Mani, Inderjeet},
	journal={Synthesis Lectures on Human Language Technologies},
	volume={5},
	number={3},
	pages={1--142},
	year={2012},
	publisher={Morgan \& Claypool Publishers}
}

@phdthesis{charniak1972toward,
	title={Toward a model of children's story comprehension.},
	author={Charniak, Eugene},
	year={1972},
	school={Massachusetts Institute of Technology}
}