@inproceedings{NYTdataset,
  title={Modeling relations and their mentions without labeled text},
  author={Riedel, Sebastian and Yao, Limin and McCallum, Andrew D},
  booktitle={Proceedings of ECML-PKDD},
  year={2010},
}

@inproceedings{RNNRC,
  title={Classifying Relations via Long Short Term Memory Networks along Shortest Dependency Paths},
  author={Xu, Yan and Mou, Lili and Li, Ge and Chen, Yunchuan and Peng, Hao and Jin, Zhi},
  booktitle={ Proceedings of EMNLP},
  pages="1785--1794",
  year={2015},
}

@inproceedings{vu-etal-2016-combining,
    title = "Combining Recurrent and Convolutional Neural Networks for Relation Classification",
    author = {Vu, Ngoc Thang  and
      Adel, Heike  and
      Gupta, Pankaj  and
      Sch{\"u}tze, Hinrich},
    booktitle = "Proceedings of NAACL: Human Language Technologies",
    year = "2016",
    pages = "534--539",
}

@inproceedings{xiong-etal-2018-one,
    title = "One-Shot Relational Learning for Knowledge Graphs",
    author = "Xiong, Wenhan  and
      Yu, Mo  and
      Chang, Shiyu  and
      Guo, Xiaoxiao  and
      Wang, William Yang",
    booktitle = "Proceedings of EMNLP",
    year = "2018",
    pages = "1980--1990",
}

@inproceedings{han-etal-2018-fewrel,
    title = "{F}ew{R}el: A Large-Scale Supervised Few-Shot Relation Classification Dataset with State-of-the-Art Evaluation",
    author = "Han, Xu  and
      Zhu, Hao  and
      Yu, Pengfei  and
      Wang, Ziyun  and
      Yao, Yuan  and
      Liu, Zhiyuan  and
      Sun, Maosong",
    booktitle = "Proceedings of EMNLP",
    year = "2018",
    pages = "4803--4809",
}

@inproceedings{ye-ling-2019-multi,
    title = "Multi-Level Matching and Aggregation Network for Few-Shot Relation Classification",
    author = "Ye, Zhi-Xiu  and
      Ling, Zhen-Hua",
    booktitle = "Proceedings of ACL",
    year = "2019",
    pages = "2872--2881",
}

@article{LakeHuman,
  title={Human-level concept learning through probabilistic program induction},
  year="2015",
  author={Lake, Brenden M. and Salakhutdinov, Ruslan and Tenenbaum, Joshua B.},
  journal={Science},
  volume={350},
}

@inproceedings{Santoro2016,
    title = " Meta-learning with memory-augmented neural networks",
    author = "Santoro, Adam and Bartunov, Sergey and Botvinick,Matthew and Wierstra, Daan and Lillicrap, Timothy",
    booktitle = "ICML",
    year = "2016",
    pages = "1842--1850",
}

@incollection{proto,
title = {Prototypical Networks for Few-shot Learning},
author = {Snell, Jake and Swersky, Kevin and Zemel, Richard},
booktitle = {NIPS},
pages = {4077--4087},
year = {2017},
}

@inproceedings{Andry2016,
    title = " Learning to learn by gradient descent by gradient descent",
   author={Andrychowicz, Marcin and Denil, Misha and Gomez, Sergio and Hoffman, Matthew W. and Pfau, David and Schaul, Tom and Shillingford, Brendan and De Freitas, Nando},
    booktitle = "NIPS",
    year = "2016",
}

@inproceedings{Finn2017,
    title = " Model-agnostic meta-learning for fast adaptation of deep networks",
    author = "Finn, Chelsea and Abbeel, Pieter and Levine, Sergey",
    booktitle = "Proceedings of ICML",
    year = "2017",
    volume = "70",
    pages = "1126--1135",
}

@article{HN,
  title={HyperNetworks},
  author={Ha, David and Dai, Andrew and Le, Quoc V.},
    booktitle = "ICLR",
    year="2017",
}

@inproceedings{Koch2015,
    title = "  Siamese neural networks for one-shot image recognition",
    author = "Koch, Gregory and Zemel, Richard and Salakhutdinov, Ruslan",
    booktitle = "ICML Deep Learning Workshop",
    year = "2015",
    volume = "2"
}

@inproceedings{Vinyals2016,
    title = "  Matching networks for one shot learning",
    author = "Vinyals, Oriol and  Blundell, Charles and Lillicrap,Timothy and Wierstra, Daan",
    booktitle = "NIPS",
    year = "2016",
    pages="2680--3638"
}

@inproceedings{zeng-etal-2014-relation,
    title = "Relation Classification via Convolutional Deep Neural Network",
    author = "Zeng, Daojian  and
      Liu, Kang  and
      Lai, Siwei  and
      Zhou, Guangyou  and
      Zhao, Jun",
    booktitle = "Proceedings of COLING",
    year = "2014",
    pages = "2335--2344",
}

@inproceedings{Freebase,
    title = "Freebase: a collaboratively created gaph database for structuring human knowledge",
    author = "Bollacker, Kurt  and
      Evans, Colin  and
      Paritosh, Praveen  and
      Taylor, Jamie  and",
    booktitle = "Proceedings of the 2008 ACM SIGMOD international conference on Management of data",
    year = "2008",
    pages = "1247--1250",
}


@inproceedings{zeng-etal-2015-distant,
    title = "Distant Supervision for Relation Extraction via Piecewise Convolutional Neural Networks",
    author = "Zeng, Daojian  and
      Liu, Kang  and
      Chen, Yubo  and
      Zhao, Jun",
    booktitle = "Proceedings of EMNLP",
    year = "2015",
    pages = "1753--1762",
}

@inproceedings{liu-etal-2017-soft,
    title = "A Soft-label Method for Noise-tolerant Distantly Supervised Relation Extraction",
    author = "Liu, Tianyu  and
      Wang, Kexiang  and
      Chang, Baobao  and
      Sui, Zhifang",
    booktitle = "Proceedings of EMNLP",
    year = "2017",
    pages = "1790--1795",
}

@inproceedings{metanet,
    title = "Meta networks",
    author = "Munkhdalai, Tsendsuren  and
      Yu,Hong",
    booktitle = "Proceedings of ICML",
    year = "2017",
}


@inproceedings{chen-2019-image,
    title = "Image deformation meta-networks for one-shot learning",
    author = "Chen, Zitian  and
      Fu, Yanwei and
      Wang, Yu-Xiong and
      Ma, Lin and
      Liu, Wei and 
      Hebert, Martial",
    booktitle = "Proceedings of CVPR",
    year = "2019",
     pages="8680-8689"
}

@inproceedings{semeval8,
    title = "Semeval-2010 task 8: Multi-way classification of semantic relations between pairs of nominals",
    author = "Hendrickx, Iris  and
      Kim, Su Nam and
      Kozareva, Zornitsa and
      Nakov, Preslav and
      S\'eaghdha, Diarmuid \'O and
      Pad\'o Sebastian and
      Pennacchiotti, Marco and
      Romano, Lorenza and 
      Szpakowicz, Stan",
    booktitle = "Proceedings of SemEval@ACL",
    year = "2009",
}

@inproceedings{ace,
    title = "Linguistic resources and evaluation techniques for evaluation of cross-document automatic content extraction",
    author = "Strassel, Stephanie and
A. Przybocki, Mark and
Peterson, Kay and
Song,Zhiyi and
Maeda, Kazuaki",
    booktitle = "Proceedings of LREC",
    year = "2008",
}

@inproceedings{zhang-etal-2017-position,
    title = "Position-aware Attention and Supervised Data Improve Slot Filling",
    author = "Zhang, Yuhao  and
      Zhong, Victor  and
      Chen, Danqi  and
      Angeli, Gabor  and
      Manning, Christopher D.",
    booktitle = "Proceedings of EMNLP",
    year = "2017",
    pages = "35--45",
}

@article{HochreiterLong,
  title={Long Short-Term Memory},
  author={Hochreiter, Sepp and Schmidhuber, JÃ¼rgen},
  journal={Neural Computation},
  volume={9},
  number={8},
  pages={1735-1780},
  year=1997
}

@article{LecunBackpropagation,
  title={Backpropagation Applied to Handwritten Zip Code Recognition},
  author={Lecun, Y. and Boser, B. and Denker, J. S. and Henderson, D. and Howard, R. E. and Hubbard, W. and Jackel, L. D.},
  journal={Neural Computation},
  volume={1},
  number={4},
  pages={541-551},
  year=1989
}

@inproceedings{dnerre,
author = {Jingjing Xu and Ji Wen and Xu Sun and Qi Su},
title = {A Discourse-Level Named Entity Recognition and Relation Extraction Dataset for Chinese Literature Text},
journal = {CoRR},
volume = {abs/1711.07010},
year = {2017}
}

@inproceedings{hatt,
author = {Gao, Tianyu and Han, Xu and Liu, Zhiyuan and Sun, Maosong},
title = { Hybrid attention-based prototypical networks for noisy few-shot relation classification},
year = {2019},
}

@inproceedings{snail,
author = {Mishra, Nikhil and Rohaninejad, Mostafa and Chen, Xi and Abbeel, Pieter},
title = {A simple neural attentive meta-learner},
year = {2018},
booktitle = "Proceedings of ICLR",
}

@inproceedings{gnn,
author = {Satorras, Victor Garcia and Estrach, Joan Bruna},
title = {Few-shot learning with graph nerual networks},
year = {2018},
booktitle = "Proceedings of ICLR",
}

@inproceedings{baldini-soares-etal-2019-matching,
    title = "Matching the Blanks: Distributional Similarity for Relation Learning",
    author = "Baldini Soares, Livio  and
      FitzGerald, Nicholas  and
      Ling, Jeffrey  and
      Kwiatkowski, Tom",
    booktitle = "Proceedings of ACL",
    year = "2019",
    pages = "2895--2905",
}

@inproceedings{gao-etal-2019-fewrel,
    title = "{F}ew{R}el 2.0: Towards More Challenging Few-Shot Relation Classification",
    author = "Gao, Tianyu  and
      Han, Xu  and
      Zhu, Hao  and
      Liu, Zhiyuan  and
      Li, Peng  and
      Sun, Maosong  and
      Zhou, Jie",
    booktitle = "Proceedings of EMNLP-IJCNLP",
    year = "2019",
    pages = "6249--6254",
}

@article{devlin2018bert,
  title={BERT: Pre-training of Deep Bidirectional Transformers for Language Understanding},
  author={Devlin, Jacob and Chang, Ming-Wei and Lee, Kenton and Toutanova, Kristina},
  journal={arXiv preprint arXiv:1810.04805},
  year={2018}
}

@misc{augdata,
   author = {Guan, Wang},
   year={2017},
   title = {Information-Extraction-Chinese},
   howpublished = {\url{https://github.com/crownpku/Information-Extraction-Chinese/tree/master/RE_BGRU_2ATT/origin_data}}
}
