% Please download the latest anthology.bib from
%
% http://aclweb.org/anthology/anthology.bib.gz

@inproceedings{liu2021coreference,
	title = "Coreference-Aware Dialogue Summarization",
	author = "Liu, Zhengyuan  and
	Shi, Ke  and
	Chen, Nancy",
	booktitle = "Proceedings of the 22nd Annual Meeting of the Special Interest Group on Discourse and Dialogue",
	month = jul,
	year = "2021",
	address = "Singapore and Online",
	publisher = "Association for Computational Linguistics",
	url = "https://aclanthology.org/2021.sigdial-1.53",
	pages = "509--519",
}

@inproceedings{fabbri2021convosumm,
	title = "{C}onvo{S}umm: Conversation Summarization Benchmark and Improved Abstractive Summarization with Argument Mining",
	author = "Fabbri, Alexander  and
	Rahman, Faiaz  and
	Rizvi, Imad  and
	Wang, Borui  and
	Li, Haoran  and
	Mehdad, Yashar  and
	Radev, Dragomir",
	booktitle = "Proceedings of the 59th Annual Meeting of the Association for Computational Linguistics and the 11th International Joint Conference on Natural Language Processing (Volume 1: Long Papers)",
	month = aug,
	year = "2021",
	address = "Online",
	publisher = "Association for Computational Linguistics",
	url = "https://aclanthology.org/2021.acl-long.535",
	doi = "10.18653/v1/2021.acl-long.535",
	pages = "6866--6880",
}

@inproceedings{zhou-etal-2018-neural-document,
	title = "Neural Document Summarization by Jointly Learning to Score and Select Sentences",
	author = "Zhou, Qingyu  and
	Yang, Nan  and
	Wei, Furu  and
	Huang, Shaohan  and
	Zhou, Ming  and
	Zhao, Tiejun",
	booktitle = "Proceedings of the 56th Annual Meeting of the Association for Computational Linguistics (Volume 1: Long Papers)",
	month = jul,
	year = "2018",
	address = "Melbourne, Australia",
	publisher = "Association for Computational Linguistics",
	url = "https://aclanthology.org/P18-1061",
	doi = "10.18653/v1/P18-1061",
	pages = "654--663",
}

@inproceedings{wu-etal-2021-controllable,
	title = "Controllable Abstractive Dialogue Summarization with Sketch Supervision",
	author = "Wu, Chien-Sheng  and
	Liu, Linqing  and
	Liu, Wenhao  and
	Stenetorp, Pontus  and
	Xiong, Caiming",
	booktitle = "Findings of the Association for Computational Linguistics: ACL-IJCNLP 2021",
	month = aug,
	year = "2021",
	address = "Online",
	publisher = "Association for Computational Linguistics",
	url = "https://aclanthology.org/2021.findings-acl.454",
	doi = "10.18653/v1/2021.findings-acl.454",
	pages = "5108--5122",
}

@inproceedings{liu-etal-2021-topic-aware,
	title = "Topic-Aware Contrastive Learning for Abstractive Dialogue Summarization",
	author = "Liu, Junpeng  and
	Zou, Yanyan  and
	Zhang, Hainan  and
	Chen, Hongshen  and
	Ding, Zhuoye  and
	Yuan, Caixia  and
	Wang, Xiaojie",
	booktitle = "Findings of the Association for Computational Linguistics: EMNLP 2021",
	month = nov,
	year = "2021",
	address = "Punta Cana, Dominican Republic",
	publisher = "Association for Computational Linguistics",
	url = "https://aclanthology.org/2021.findings-emnlp.106",
	pages = "1229--1243",
}

@inproceedings{chen-etal-2021-dialogsum,
	title = "{D}ialog{S}um: {A} Real-Life Scenario Dialogue Summarization Dataset",
	author = "Chen, Yulong  and
	Liu, Yang  and
	Chen, Liang  and
	Zhang, Yue",
	booktitle = "Findings of the Association for Computational Linguistics: ACL-IJCNLP 2021",
	month = aug,
	year = "2021",
	address = "Online",
	publisher = "Association for Computational Linguistics",
	url = "https://aclanthology.org/2021.findings-acl.449",
	doi = "10.18653/v1/2021.findings-acl.449",
	pages = "5062--5074",
}

@inproceedings{feng-etal-2021-language,
	title = "Language Model as an Annotator: Exploring {D}ialo{GPT} for Dialogue Summarization",
	author = "Feng, Xiachong  and
	Feng, Xiaocheng  and
	Qin, Libo  and
	Qin, Bing  and
	Liu, Ting",
	booktitle = "Proceedings of the 59th Annual Meeting of the Association for Computational Linguistics and the 11th International Joint Conference on Natural Language Processing (Volume 1: Long Papers)",
	month = aug,
	year = "2021",
	address = "Online",
	publisher = "Association for Computational Linguistics",
	url = "https://aclanthology.org/2021.acl-long.117",
	doi = "10.18653/v1/2021.acl-long.117",
	pages = "1479--1491",
}

@inproceedings{lei-etal-2021-finer-grain,
	title = "A Finer-grain Universal Dialogue Semantic Structures based Model For Abstractive Dialogue Summarization",
	author = "Lei, Yuejie  and
	Zheng, Fujia  and
	Yan, Yuanmeng  and
	He, Keqing  and
	Xu, Weiran",
	booktitle = "Findings of the Association for Computational Linguistics: EMNLP 2021",
	month = nov,
	year = "2021",
	address = "Punta Cana, Dominican Republic",
	publisher = "Association for Computational Linguistics",
	url = "https://aclanthology.org/2021.findings-emnlp.117",
	pages = "1354--1364",
}

@inproceedings{zhao-etal-2021-give-truth,
	title = "Give the Truth: Incorporate Semantic Slot into Abstractive Dialogue Summarization",
	author = "Zhao, Lulu  and
	Zeng, Weihao  and
	Xu, Weiran  and
	Guo, Jun",
	booktitle = "Findings of the Association for Computational Linguistics: EMNLP 2021",
	month = nov,
	year = "2021",
	address = "Punta Cana, Dominican Republic",
	publisher = "Association for Computational Linguistics",
	url = "https://aclanthology.org/2021.findings-emnlp.209",
	pages = "2435--2446",
}
