% Use this file for citations not found in the ACL Anthology (contained in "anthology.bib").

@inproceedings{luo2020alicoco,
  title    ={AliCoCo: Alibaba e-commerce cognitive concept net},
  author   ={Luo, Xusheng and Liu, Luxin and Yang, Yonghua and Bo, Le and Cao, Yuanpeng and Wu, Jinghang and Li, Qiang and Yang, Keping and Zhu, Kenny Q},
  booktitle={Proceedings of the 2020 ACM SIGMOD international conference on management of data},
  pages    ={313--327},
  year     ={2020}
}
@inproceedings{luo2021alicoco2,
  title={AliCoCo2: Commonsense Knowledge Extraction, Representation and Application in E-commerce},
  author={Luo, Xusheng and Bo, Le and Wu, Jinhang and Li, Lin and Luo, Zhiy and Yang, Yonghua and Yang, Keping},
  booktitle={Proceedings of the 27th ACM SIGKDD Conference on Knowledge Discovery \& Data Mining},
  pages={3385--3393},
  year={2021}
}
@inproceedings{weijie2019kbert,
  title={K-bert: Enabling language representation with knowledge graph},
  author={Liu, Weijie and Zhou, Peng and Zhao, Zhe and Wang, Zhiruo and Ju, Qi and Deng, Haotang and Wang, Ping},
  booktitle={Proceedings of the AAAI Conference on Artificial Intelligence},
  volume={34},
  number={03},
  pages={2901--2908},
  year={2020}
}
@article{sun2019ernie,
  title={Ernie: Enhanced representation through knowledge integration},
  author={Sun, Yu and Wang, Shuohuan and Li, Yukun and Feng, Shikun and Chen, Xuyi and Zhang, Han and Tian, Xin and Zhu, Danxiang and Tian, Hao and Wu, Hua},
  journal={arXiv preprint arXiv:1904.09223},
  year={2019}
}
@article{faldu2021ki,
  title={KI-BERT: Infusing knowledge context for better language and domain understanding},
  author={Faldu, Keyur and Sheth, Amit and Kikani, Prashant and Akbari, Hemang},
  journal={arXiv preprint arXiv:2104.08145},
  year={2021}
}
@article{wang2020k,
  title={K-adapter: Infusing knowledge into pre-trained models with adapters},
  author={Wang, Ruize and Tang, Duyu and Duan, Nan and Wei, Zhongyu and Huang, Xuanjing and Cao, Guihong and Jiang, Daxin and Zhou, Ming and others},
  journal={arXiv preprint arXiv:2002.01808},
  year={2020}
}
@article{liu2022,
  author    = {Zheng Liu and
               Wei Zhang and
               Yan Chen and
               Weiyi Sun and
               Tianchuan Du and
               Benjamin Schroeder},
  title     = {Towards Generalizable Semantic Product Search by Text Similarity Pre-training
               on Search Click Logs},
  journal   = {CoRR},
  volume    = {abs/2204.05231},
  year      = {2022},
}
@inproceedings{zhang2020,
  author    = {Han Zhang and
               Songlin Wang and
               Kang Zhang and
               Zhiling Tang and
               Yunjiang Jiang and
               Yun Xiao and
               Weipeng Yan and
               Wenyun Yang},
  editor    = {Jimmy X. Huang and
               Yi Chang and
               Xueqi Cheng and
               Jaap Kamps and
               Vanessa Murdock and
               Ji{-}Rong Wen and
               Yiqun Liu},
  title     = {Towards Personalized and Semantic Retrieval: An End-to-End Solution
               for E-commerce Search via Embedding Learning},
  booktitle = {Proceedings of the 43rd International {ACM} {SIGIR} conference on
               research and development in Information Retrieval, {SIGIR} 2020, Virtual
               Event, China, July 25-30, 2020},
  pages     = {2407--2416},
  publisher = {{ACM}},
  year      = {2020},
  url       = {https://doi.org/10.1145/3397271.3401446},
  doi       = {10.1145/3397271.3401446},
  timestamp = {Sun, 02 Oct 2022 16:15:14 +0200},
}
@inproceedings{senli,
  author    = {Sen Li and
               Fuyu Lv and
               Taiwei Jin and
               Guli Lin and
               Keping Yang and
               Xiaoyi Zeng and
               Xiao{-}Ming Wu and
               Qianli Ma},
  editor    = {Feida Zhu and
               Beng Chin Ooi and
               Chunyan Miao},
  title     = {Embedding-based Product Retrieval in Taobao Search},
  booktitle = {{KDD} '21: The 27th {ACM} {SIGKDD} Conference on Knowledge Discovery
               and Data Mining, Virtual Event, Singapore, August 14-18, 2021},
  pages     = {3181--3189},
  publisher = {{ACM}},
  year      = {2021},
  url       = {https://doi.org/10.1145/3447548.3467101},
  doi       = {10.1145/3447548.3467101},
  timestamp = {Fri, 18 Feb 2022 10:40:49 +0100},
}

@inproceedings{priyanka2019,
  author    = {Priyanka Nigam and
               Yiwei Song and
               Vijai Mohan and
               Vihan Lakshman and
               Weitian Allen Ding and
               Ankit Shingavi and
               Choon Hui Teo and
               Hao Gu and
               Bing Yin},
  editor    = {Ankur Teredesai and
               Vipin Kumar and
               Ying Li and
               R{\'{o}}mer Rosales and
               Evimaria Terzi and
               George Karypis},
  title     = {Semantic Product Search},
  booktitle = {Proceedings of the 25th {ACM} {SIGKDD} International Conference on
               Knowledge Discovery {\&} Data Mining, {KDD} 2019, Anchorage, AK,
               USA, August 4-8, 2019},
  pages     = {2876--2885},
  publisher = {{ACM}},
  year      = {2019},
  url       = {https://doi.org/10.1145/3292500.3330759},
  doi       = {10.1145/3292500.3330759},
  timestamp = {Tue, 16 Aug 2022 23:04:27 +0200},
}

@inproceedings{choudhary2022,
  author    = {Nurendra Choudhary and
               Nikhil Rao and
               Karthik Subbian and
               Chandan K. Reddy},
  editor    = {Aidong Zhang and
               Huzefa Rangwala},
  title     = {Graph-based Multilingual Language Model: Leveraging Product Relations
               for Search Relevance},
  booktitle = {{KDD} '22: The 28th {ACM} {SIGKDD} Conference on Knowledge Discovery
               and Data Mining, Washington, DC, USA, August 14 - 18, 2022},
  pages     = {2789--2799},
  publisher = {{ACM}},
  year      = {2022},
  url       = {https://doi.org/10.1145/3534678.3539158},
  doi       = {10.1145/3534678.3539158},
  timestamp = {Mon, 15 Aug 2022 14:53:46 +0200},
  biburl    = {https://dblp.org/rec/conf/kdd/Choudhary0SR22.bib},
  bibsource = {dblp computer science bibliography, https://dblp.org}
}

@inproceedings{gao21,
  author    = {Tianyu Gao and
               Xingcheng Yao and
               Danqi Chen},
  editor    = {Marie{-}Francine Moens and
               Xuanjing Huang and
               Lucia Specia and
               Scott Wen{-}tau Yih},
  title     = {SimCSE: Simple Contrastive Learning of Sentence Embeddings},
  booktitle = {Proceedings of the 2021 Conference on Empirical Methods in Natural
               Language Processing, {EMNLP} 2021, Virtual Event / Punta Cana, Dominican
               Republic, 7-11 November, 2021},
  pages     = {6894--6910},
  publisher = {Association for Computational Linguistics},
  year      = {2021},
  url       = {https://doi.org/10.18653/v1/2021.emnlp-main.552},
  doi       = {10.18653/v1/2021.emnlp-main.552},
  timestamp = {Thu, 20 Jan 2022 10:02:31 +0100},
  biburl    = {https://dblp.org/rec/conf/emnlp/GaoYC21.bib},
  bibsource = {dblp computer science bibliography, https://dblp.org}
}

@inproceedings{yan20,
  author    = {Yuanmeng Yan and
               Rumei Li and
               Sirui Wang and
               Fuzheng Zhang and
               Wei Wu and
               Weiran Xu},
  editor    = {Chengqing Zong and
               Fei Xia and
               Wenjie Li and
               Roberto Navigli},
  title     = {ConSERT: {A} Contrastive Framework for Self-Supervised Sentence Representation
               Transfer},
  booktitle = {Proceedings of the 59th Annual Meeting of the Association for Computational
               Linguistics and the 11th International Joint Conference on Natural
               Language Processing, {ACL/IJCNLP} 2021, (Volume 1: Long Papers), Virtual
               Event, August 1-6, 2021},
  pages     = {5065--5075},
  publisher = {Association for Computational Linguistics},
  year      = {2021},
  url       = {https://doi.org/10.18653/v1/2021.acl-long.393},
  doi       = {10.18653/v1/2021.acl-long.393},
  timestamp = {Wed, 21 Sep 2022 12:31:06 +0200},
}

@inproceedings{wang21,
  author    = {Ximei Wang and
               Jinghan Gao and
               Mingsheng Long and
               Jianmin Wang},
  editor    = {Marina Meila and
               Tong Zhang},
  title     = {Self-Tuning for Data-Efficient Deep Learning},
  booktitle = {Proceedings of the 38th International Conference on Machine Learning,
               {ICML} 2021, 18-24 July 2021, Virtual Event},
  series    = {Proceedings of Machine Learning Research},
  volume    = {139},
  pages     = {10738--10748},
  publisher = {{PMLR}},
  year      = {2021},
  url       = {http://proceedings.mlr.press/v139/wang21g.html},
  timestamp = {Wed, 25 Aug 2021 17:11:17 +0200},
}

@inproceedings{zhang2021joint,
  title={Joint learning of deep retrieval model and product quantization based embedding index},
  author={Zhang, Han and Shen, Hongwei and Qiu, Yiming and Jiang, Yunjiang and Wang, Songlin and Xu, Sulong and Xiao, Yun and Long, Bo and Yang, Wen-Yun},
  booktitle={Proceedings of the 44th International ACM SIGIR Conference on Research and Development in Information Retrieval},
  pages={1718--1722},
  year={2021}
}

@inproceedings{yao2021learning,
  title={Learning a product relevance model from click-through data in e-commerce},
  author={Yao, Shaowei and Tan, Jiwei and Chen, Xi and Yang, Keping and Xiao, Rong and Deng, Hongbo and Wan, Xiaojun},
  booktitle={Proceedings of the Web Conference 2021},
  pages={2890--2899},
  year={2021}
}

@inproceedings{bian2021benchmarking,
  title={Benchmarking knowledge-enhanced commonsense question answering via knowledge-to-text transformation},
  author={Bian, Ning and Han, Xianpei and Chen, Bo and Sun, Le},
  booktitle={Proceedings of the AAAI Conference on Artificial Intelligence},
  volume={35},
  number={14},
  pages={12574--12582},
  year={2021}
}

@article{xu2021kge,
  title={KGE-CL: Contrastive Learning of Knowledge Graph Embeddings},
  author={Xu, Wentao and Luo, Zhiping and Liu, Weiqing and Bian, Jiang and Yin, Jian and Liu, Tie-Yan},
  journal={arXiv preprint arXiv:2112.04871},
  year={2021}
}

@inproceedings{yang2022knowledge,
  title={Knowledge graph contrastive learning for recommendation},
  author={Yang, Yuhao and Huang, Chao and Xia, Lianghao and Li, Chenliang},
  booktitle={Proceedings of the 45th International ACM SIGIR Conference on Research and Development in Information Retrieval},
  pages={1434--1443},
  year={2022}
}

@inproceedings{chen2022wands,
  title={Wands: Dataset for product search relevance assessment},
  author={Chen, Yan and Liu, Shujian and Liu, Zheng and Sun, Weiyi and Baltrunas, Linas and Schroeder, Benjamin},
  booktitle={Advances in Information Retrieval: 44th European Conference on IR Research, ECIR 2022, Stavanger, Norway, April 10--14, 2022, Proceedings, Part I},
  pages={128--141},
  year={2022},
  organization={Springer}
}

@article{van2008visualizing,
  title={Visualizing data using t-SNE.},
  author={Van der Maaten, Laurens and Hinton, Geoffrey},
  journal={Journal of machine learning research},
  volume={9},
  number={11},
  year={2008}
}

@article{reimers2019sentence,
  title={Sentence-bert: Sentence embeddings using siamese bert-networks},
  author={Reimers, Nils and Gurevych, Iryna},
  journal={arXiv preprint arXiv:1908.10084},
  year={2019}
}

@inproceedings{li2013computing,
  title={Computing term similarity by large probabilistic isa knowledge},
  author={Li, Peipei and Wang, Haixun and Zhu, Kenny Q and Wang, Zhongyuan and Wu, Xindong},
  booktitle={Proceedings of the 22nd ACM international conference on Information \& Knowledge Management},
  pages={1401--1410},
  year={2013}
}

@article{rada1989development,
  title={Development and application of a metric on semantic nets},
  author={Rada, Roy and Mili, Hafedh and Bicknell, Ellen and Blettner, Maria},
  journal={IEEE transactions on systems, man, and cybernetics},
  volume={19},
  number={1},
  pages={17--30},
  year={1989},
  publisher={IEEE}
}

@article{resnik1995using,
  title={Using information content to evaluate semantic similarity in a taxonomy},
  author={Resnik, Philip},
  journal={arXiv preprint cmp-lg/9511007},
  year={1995}
}

@inproceedings{alvarez2007graph,
  title={A graph modeling of semantic similarity between words},
  author={Alvarez, Marco A and Lim, SeungJin},
  booktitle={International Conference on Semantic Computing (ICSC 2007)},
  pages={355--362},
  year={2007},
  organization={IEEE}
}

@inproceedings{chao-etal-2021-pairre,
    title = "{P}air{RE}: Knowledge Graph Embeddings via Paired Relation Vectors",
    author = "Chao, Linlin  and
      He, Jianshan  and
      Wang, Taifeng  and
      Chu, Wei",
    booktitle = "Proceedings of the 59th Annual Meeting of the Association for Computational Linguistics and the 11th International Joint Conference on Natural Language Processing (Volume 1: Long Papers)",
    month = aug,
    year = "2021",
    address = "Online",
    publisher = "Association for Computational Linguistics",
    url = "https://aclanthology.org/2021.acl-long.336",
    doi = "10.18653/v1/2021.acl-long.336",
    pages = "4360--4369",
}


@misc{xiaomi,
  author = {Li Peng},
  title = {The Application and Exploration of Knowledge Graph in Xiaomi},
  howpublished ={\url{https://mp.weixin.qq.com/s/GbZK9U-ePx3zyUjnw8vvUA}},
  year = 2020
}

@inproceedings{zhang2021enriching,
  title={Enriching ontology with temporal commonsense for low-resource audio tagging},
  author={Zhang, Zhiling and Zhou, Zelin and Tang, Haifeng and Li, Guangwei and Wu, Mengyue and Zhu, Kenny Q},
  booktitle={Proceedings of the 30th ACM International Conference on Information \& Knowledge Management},
  pages={3652--3656},
  year={2021}
}
@inproceedings{huang2019knowledge,
  title={Knowledge graph embedding based question answering},
  author={Huang, Xiao and Zhang, Jingyuan and Li, Dingcheng and Li, Ping},
  booktitle={Proceedings of the twelfth ACM international conference on web search and data mining},
  pages={105--113},
  year={2019}
}

@inproceedings{sun2018recurrent,
  title={Recurrent knowledge graph embedding for effective recommendation},
  author={Sun, Zhu and Yang, Jie and Zhang, Jie and Bozzon, Alessandro and Huang, Long-Kai and Xu, Chi},
  booktitle={Proceedings of the 12th ACM conference on recommender systems},
  pages={297--305},
  year={2018}
}