@article{he2019learning,
	title={Learning to Align Question and Answer Utterances in Customer Service Conversation with Recurrent Pointer Networks},
	author={He, Shizhu and Liu, Kang and An, Weiting},
	booktitle={AAAI},
	year={2019}
}

@inproceedings{cui2017superagent,
	title={Superagent: A customer service chatbot for e-commerce websites},
	author={Cui, Lei and Huang, Shaohan and Wei, Furu and Tan, Chuanqi and Duan, Chaoqun and Zhou, Ming},
	booktitle={Proceedings of ACL 2017, System Demonstrations},
	pages={97--102},
	year={2017}
}

@article{ji2014information,
	title={An information retrieval approach to short text conversation},
	author={Ji, Zongcheng and Lu, Zhengdong and Li, Hang},
	journal={arXiv preprint arXiv:1408.6988},
	year={2014}
}

@article{vinyals2015neural,
	title={A neural conversational model},
	author={Vinyals, Oriol and Le, Quoc},
	journal={arXiv preprint arXiv:1506.05869},
	year={2015}
}

@article{rocktaschel2015reasoning,
	title={Reasoning about entailment with neural attention},
	author={Rockt{\"a}schel, Tim and Grefenstette, Edward and Hermann, Karl Moritz and Ko{\v{c}}isk{\`y}, Tom{\'a}{\v{s}} and Blunsom, Phil},
	journal={arXiv preprint arXiv:1509.06664},
	year={2015}
}

@inproceedings{wang2016learning,
	title={Learning Natural Language Inference with LSTM},
	author={Wang, Shuohang and Jiang, Jing},
	booktitle={Proceedings of the 2016 Conference of the North American Chapter of the Association for Computational Linguistics: Human Language Technologies},
	pages={1442--1451},
	year={2016}
}

@inproceedings{cong2008finding,
	title={Finding question-answer pairs from online forums},
	author={Cong, Gao and Wang, Long and Lin, Chin-Yew and Song, Young-In and Sun, Yueheng},
	booktitle={Proceedings of the 31st annual international ACM SIGIR conference on Research and development in information retrieval},
	pages={467--474},
	year={2008},
	organization={ACM}
}

@inproceedings{dogan2018neural,
	title={A neural multi-sequence alignment technique (neumatch)},
	author={Dogan, Pelin and Li, Boyang and Sigal, Leonid and Gross, Markus},
	booktitle={Proceedings of the IEEE Conference on Computer Vision and Pattern Recognition},
	pages={8749--8758},
	year={2018}
}

@inproceedings{jiang2018learning,
	title={Learning to disentangle interleaved conversational threads with a siamese hierarchical network and similarity ranking},
	author={Jiang, Jyun-Yu and Chen, Francine and Chen, Yan-Ying and Wang, Wei},
	booktitle={Proceedings of the 2018 Conference of the North American Chapter of the Association for Computational Linguistics: Human Language Technologies, Volume 1 (Long Papers)},
	pages={1812--1822},
	year={2018}
}

@inproceedings{wang2009extracting,
	title={Extracting Chinese question-answer pairs from online forums},
	author={Wang, Baoxun and Liu, Bingquan and Sun, Chengjie and Wang, Xiaolong and Sun, Lin},
	booktitle={2009 IEEE International Conference on Systems, Man and Cybernetics},
	pages={1159--1164},
	year={2009},
	organization={IEEE}
}

@inproceedings{shrestha2004detection,
	title={Detection of question-answer pairs in email conversations},
	author={Shrestha, Lokesh and McKeown, Kathleen},
	booktitle={Proceedings of the 20th international conference on Computational Linguistics},
	pages={889},
	year={2004},
	organization={Association for Computational Linguistics}
}

@inproceedings{elsner2011disentangling,
	title={Disentangling chat with local coherence models},
	author={Elsner, Micha and Charniak, Eugene},
	booktitle={Proceedings of the 49th Annual Meeting of the Association for Computational Linguistics: Human Language Technologies},
	pages={1179--1189},
	year={2011}
}

@inproceedings{afantenos2015discourse,
	title={Discourse parsing for multi-party chat dialogues},
	author={Afantenos, Stergos and Kow, Eric and Asher, Nicholas and Perret, J{\'e}r{\'e}my},
	year={2015},
	organization={Association for Computational Linguistics (ACL)}
}

@article{arora2016simple,
	title={A simple but tough-to-beat baseline for sentence embeddings},
	author={Arora, Sanjeev and Liang, Yingyu and Ma, Tengyu},
	journal={Proceedings of the 5th International Conference on Learning Representations},
	year={2016}
}

@article{ruckle2018concatenated,
	title={Concatenated power mean word embeddings as universal cross-lingual sentence representations},
	author={R{\"u}ckl{\'e}, Andreas and Eger, Steffen and Peyrard, Maxime and Gurevych, Iryna},
	journal={arXiv preprint arXiv:1803.01400},
	year={2018}
}

@article{pagliardini2017unsupervised,
	title={Unsupervised learning of sentence embeddings using compositional n-gram features},
	author={Pagliardini, Matteo and Gupta, Prakhar and Jaggi, Martin},
	journal={arXiv preprint arXiv:1703.02507},
	year={2017}
}

@inproceedings{kiros2015skip,
	title={Skip-thought vectors},
	author={Kiros, Ryan and Zhu, Yukun and Salakhutdinov, Ruslan R and Zemel, Richard and Urtasun, Raquel and Torralba, Antonio and Fidler, Sanja},
	booktitle={Advances in neural information processing systems},
	pages={3294--3302},
	year={2015}
}
@inproceedings{du2017discovering,
	title={Discovering conversational dependencies between messages in dialogs},
	author={Du, Wenchao and Poupart, Pascal and Xu, Wei},
	booktitle={Thirty-First AAAI Conference on Artificial Intelligence},
	year={2017}
}

@inproceedings{he2016pairwise,
	title={Pairwise word interaction modeling with deep neural networks for semantic similarity measurement},
	author={He, Hua and Lin, Jimmy},
	booktitle={Proceedings of the 2016 Conference of the North American Chapter of the Association for Computational Linguistics: Human Language Technologies},
	pages={937--948},
	year={2016}
}

@inproceedings{parikh2016decomposable,
	title={A Decomposable Attention Model for Natural Language Inference},
	author={Parikh, Ankur and T{\"a}ckstr{\"o}m, Oscar and Das, Dipanjan and Uszkoreit, Jakob},
	booktitle={Proceedings of the 2016 Conference on Empirical Methods in Natural Language Processing},
	pages={2249--2255},
	year={2016}
}

@inproceedings{chen2017enhanced,
	title={Enhanced LSTM for Natural Language Inference},
	author={Chen, Qian and Zhu, Xiaodan and Ling, Zhen-Hua and Wei, Si and Jiang, Hui and Inkpen, Diana},
	booktitle={Proceedings of the 55th Annual Meeting of the Association for Computational Linguistics (Volume 1: Long Papers)},
	pages={1657--1668},
	year={2017}
}

@article{bahdanau2014neural,
	title={Neural machine translation by jointly learning to align and translate},
	author={Bahdanau, Dzmitry and Cho, Kyunghyun and Bengio, Yoshua},
	journal={Proceedings of the 3rd International Conference on Learning Representations},
	year={2015}
}

@inproceedings{wang2017gated,
	title={Gated self-matching networks for reading comprehension and question answering},
	author={Wang, Wenhui and Yang, Nan and Wei, Furu and Chang, Baobao and Zhou, Ming},
	booktitle={Proceedings of the 55th Annual Meeting of the Association for Computational Linguistics (Volume 1: Long Papers)},
	pages={189--198},
	year={2017}
}

@inproceedings{nguyen2018novel,
	title={A Novel Embedding Model for Knowledge Base Completion Based on Convolutional Neural Network},
	author={Nguyen, Dai Quoc and Nguyen, Tu Dinh and Nguyen, Dat Quoc and Phung, Dinh},
	booktitle={Proceedings of the 2018 Conference of the North American Chapter of the Association for Computational Linguistics: Human Language Technologies, Volume 2 (Short Papers)},
	pages={327--333},
	year={2018}
}

@article{mikolov2013efficient,
	title={Efficient estimation of word representations in vector space},
	author={Mikolov, Tomas and Chen, Kai and Corrado, Greg and Dean, Jeffrey},
	journal={Workshop Track Proceedings of the 1st International Conference on Learning Representations},
	year={2013}
}

@inproceedings{bojanowski2015weakly,
	title={Weakly-supervised alignment of video with text},
	author={Bojanowski, Piotr and Lajugie, R{\'e}mi and Grave, Edouard and Bach, Francis and Laptev, Ivan and Ponce, Jean and Schmid, Cordelia},
	booktitle={Proceedings of the IEEE international conference on computer vision},
	pages={4462--4470},
	year={2015}
}

@article{song2016unsupervised,
	title={Unsupervised Alignment of Actions in Video with Text Descriptions},
	author={Song, Young Chol and Naim, Iftekhar and Al Mamun, Abdullah and Kulkarni, Kaustubh and Singla, Parag and Luo, Jiebo and Gildea, Daniel and Kautz, Henry A},
	journal={Proceedings of the Twenty-Fifth International Joint Conference on
	Artificial Intelligence},
	year={2016}
}

@article{dogan2016label,
	title={Label-based automatic alignment of video with narrative sentences},
	author={Dogan, Pelin and Gross, Markus and Bazin, Jean-Charles},
	journal={ECCV Workshops},
	year={2016}
}

@inproceedings{dogan2016label,
	title={Label-based automatic alignment of video with narrative sentences},
	author={Dogan, Pelin and Gross, Markus and Bazin, Jean-Charles},
	booktitle={European Conference on Computer Vision},
	pages={605--620},
	year={2016},
	organization={Springer}
}

@inproceedings{ding2008using,
	title={Using conditional random fields to extract contexts and answers of questions from online forums},
	author={Ding, Shilin and Cong, Gao and Lin, Chin-Yew and Zhu, Xiaoyan},
	booktitle={Proceedings of ACL-08: HLT},
	pages={710--718},
	year={2008}
}

@inproceedings{kim2010tagging,
	title={Tagging and linking web forum posts},
	author={Kim, Su Nam and Wang, Li and Baldwin, Timothy},
	booktitle={Proceedings of the Fourteenth Conference on Computational Natural Language Learning},
	pages={192--202},
	year={2010},
	organization={Association for Computational Linguistics}
}

@inproceedings{catherine2012does,
	title={Does similarity matter? The case of answer extraction from technical discussion forums},
	author={Catherine, Rose and Singh, Amit and Gangadharaiah, Rashmi and Raghu, Dinesh and Visweswariah, Karthik},
	booktitle={Proceedings of COLING 2012: Posters},
	pages={175--184},
	year={2012}
}

@inproceedings{catherine2013semi,
	title={Semi-supervised answer extraction from discussion forums},
	author={Catherine, Rose and Gangadharaiah, Rashmi and Visweswariah, Karthik and Raghu, Dinesh},
	booktitle={Proceedings of the Sixth International Joint Conference on Natural Language Processing},
	pages={1--9},
	year={2013}
}

@inproceedings{wang2010modeling,
	title={Modeling semantic relevance for question-answer pairs in web social communities},
	author={Wang, Baoxun and Wang, Xiaolong and Sun, Chengjie and Liu, Bingquan and Sun, Lin},
	booktitle={Proceedings of the 48th Annual Meeting of the Association for Computational Linguistics},
	pages={1230--1238},
	year={2010},
	organization={Association for Computational Linguistics}
}

@article{liu2016modelling,
	title={Modelling interaction of sentence pair with coupled-lstms},
	author={Liu, Pengfei and Qiu, Xipeng and Huang, Xuanjing},
	journal={arXiv preprint arXiv:1605.05573},
	year={2016}
}

@article{gers1999learning,
	title={Learning to forget: Continual prediction with LSTM},
	author={Gers, Felix A and Schmidhuber, J{\"u}rgen and Cummins, Fred},
	year={1999},
	publisher={IET}
}

@inproceedings{yan2017building,
	title={Building task-oriented dialogue systems for online shopping},
	author={Yan, Zhao and Duan, Nan and Chen, Peng and Zhou, Ming and Zhou, Jianshe and Li, Zhoujun},
	booktitle={Thirty-First AAAI Conference on Artificial Intelligence},
	year={2017}
}

@article{asher2016discourse,
	title={Discourse structure and dialogue acts in multiparty dialogue: The STAC corpus},
	author={Asher, Nicholas and Hunter, Julie and Morey, Mathieu and Benamara, Farah and Afantenos, Stergos},
	year={2016},
	publisher={European Language Resources Association (ELRA)}
}

@inproceedings{fernandez2008modelling,
	title={Modelling and detecting decisions in multi-party dialogue},
	author={Fern{\'a}ndez, Raquel and Frampton, Matthew and Ehlen, Patrick and Purver, Matthew and Peters, Stanley},
	booktitle={Proceedings of the 9th SIGdial Workshop on Discourse and Dialogue},
	pages={156--163},
	year={2008},
	organization={Association for Computational Linguistics}
}

@article{stolcke2000dialogue,
	title={Dialogue act modeling for automatic tagging and recognition of conversational speech},
	author={Stolcke, Andreas and Ries, Klaus and Coccaro, Noah and Shriberg, Elizabeth and Bates, Rebecca and Jurafsky, Daniel and Taylor, Paul and Martin, Rachel and Ess-Dykema, Carol Van and Meteer, Marie},
	journal={Computational linguistics},
	volume={26},
	number={3},
	pages={339--373},
	year={2000},
	publisher={MIT Press}
}

@article{wei2018task,
	title={Task-oriented dialogue system for automatic diagnosis},
	author={Wei, Zhongyu and Liu, Qianlong and Peng, Baolin and Tou, Huaixiao and Chen, Ting and Huang, Xuanjing and Wong, Kam-Fai and Dai, Xiangying},
	journal={Proceedings of the 56th Annual Meeting of the Association for Computational
	Linguistics},
	pages = {201--207},
	year={2018}
}
@inproceedings{yang2015wikiqa,
	title={Wikiqa: A challenge dataset for open-domain question answering},
	author={Yang, Yi and Yih, Wen-tau and Meek, Christopher},
	booktitle={Proceedings of the 2015 Conference on Empirical Methods in Natural Language Processing},
	pages={2013--2018},
	year={2015}
}

@inproceedings{lowe2015ubuntu,
	title={The Ubuntu Dialogue Corpus: A Large Dataset for Research in Unstructured Multi-Turn Dialogue Systems},
	author={Lowe, Ryan and Pow, Nissan and Serban, Iulian and Pineau, Joelle},
	booktitle={Proceedings of the 16th Annual Meeting of the Special Interest Group on Discourse and Dialogue},
	pages={285--294},
	year={2015}
}

@inproceedings{elsner2008you,
	title={You talking to me? a corpus and algorithm for conversation disentanglement},
	author={Elsner, Micha and Charniak, Eugene},
	booktitle={Proceedings of ACL-08: HLT},
	pages={834--842},
	year={2008}
}

@inproceedings{shang2015neural,
	title={Neural Responding Machine for Short-Text Conversation},
	author={Shang, Lifeng and Lu, Zhengdong and Li, Hang},
	booktitle={Proceedings of the 53rd Annual Meeting of the Association for Computational Linguistics and the 7th International Joint Conference on Natural Language Processing (Volume 1: Long Papers)},
	pages={1577--1586},
	year={2015}
}

@inproceedings{sordoni2015neural,
	title={A Neural Network Approach to Context-Sensitive Generation of Conversational Responses},
	author={Sordoni, Alessandro and Galley, Michel and Auli, Michael and Brockett, Chris and Ji, Yangfeng and Mitchell, Margaret and Nie, Jian-Yun and Gao, Jianfeng and Dolan, Bill},
	booktitle={Proceedings of the 2015 Conference of the North American Chapter of the Association for Computational Linguistics: Human Language Technologies},
	pages={196--205},
	year={2015}
}

@inproceedings{budzianowski2018multiwoz,
	title={MultiWOZ-A Large-Scale Multi-Domain Wizard-of-Oz Dataset for Task-Oriented Dialogue Modelling},
	author={Budzianowski, Pawe{\l} and Wen, Tsung-Hsien and Tseng, Bo-Hsiang and Casanueva, I{\~n}igo and Ultes, Stefan and Ramadan, Osman and Gasic, Milica},
	booktitle={Proceedings of the 2018 Conference on Empirical Methods in Natural Language Processing},
	pages={5016--5026},
	year={2018}
}

@inproceedings{wen2016network,
	author    = {Lina Maria Rojas{-}Barahona and
	Milica Gasic and
	Nikola Mrksic and
	Pei{-}Hao Su and
	Stefan Ultes and
	Tsung{-}Hsien Wen and
	Steve J. Young and
	David Vandyke},
	title     = {A Network-based End-to-End Trainable Task-oriented Dialogue System},
	booktitle = {Proceedings of the 15th Conference of the European Chapter of the
	Association for Computational Linguistics, {EACL} 2017, Valencia,
	Spain},
	pages     = {438--449},
	year      = {2017},
}
@inproceedings{eric2017key,
	author    = {Mihail Eric and
	Lakshmi Krishnan and
	Francois Charette and
	Christopher D. Manning},
	title     = {Key-Value Retrieval Networks for Task-Oriented Dialogue},
	booktitle = {Proceedings of the 18th Annual SIGdial Meeting on Discourse and Dialogue},
	pages     = {37--49},
	year      = {2017},
}


@inproceedings{shi2019deep,
	title={A Deep Sequential Model for Discourse Parsing on Multi-Party Dialogues},
	author={Shi, Zhouxing and Huang, Minlie},
	booktitle={Proceedings of the AAAI Conference on Artificial Intelligence},
	volume={33},
	pages={7007--7014},
	year={2019}
}

@inproceedings{amplayo2018entity,
	title={Entity Commonsense Representation for Neural Abstractive Summarization},
	author={Amplayo, Reinald Kim and Lim, Seonjae and Hwang, Seung-won},
	booktitle={Proceedings of the 2018 Conference of the North American Chapter of the Association for Computational Linguistics: Human Language Technologies, Volume 1 (Long Papers)},
	pages={697--707},
	year={2018}
}

@article{vintsyuk1968speech,
  title={Speech discrimination by dynamic programming},
  author={Vintsyuk, Taras K},
  journal={Cybernetics and Systems Analysis},
  volume={4},
  number={1},
  pages={52--57},
  year={1968},
  publisher={Springer}
}
