@inproceedings{harabagiu2006methods,
  title={Methods for using textual entailment in open-domain question answering},
  author={Harabagiu, Sanda and Hickl, Andrew},
  booktitle={ACL},
  pages={905--912},
  year={2006},
  organization={Association for Computational Linguistics}
}

@inproceedings{romano2006investigating,
  title={Investigating a Generic Paraphrase-Based Approach for Relation Extraction.},
  author={Romano, Lorenza and Kouylekov, Milen and Szpektor, Idan and Dagan, Ido and Lavelli, Alberto},
  booktitle={EACL},
  year={2006}
}

@inproceedings{berant2014semantic,
  title={Semantic parsing via paraphrasing},
  author={Berant, Jonathan and Liang, Percy},
  booktitle={Proceedings of ACL},
  volume={7},
  number={1},
  pages={92},
  year={2014}
}

@inproceedings{zou2014natural,
  title={Natural language question answering over RDF: a graph data driven approach},
  author={Zou, Lei and Huang, Ruizhe and Wang, Haixun and Yu, Jeffer Xu and He, Wenqiang and Zhao, Dongyan},
  booktitle={Proceedings of the 2014 ACM SIGMOD international conference on Management of data},
  pages={313--324},
  year={2014},
  organization={ACM}
}

@article{bordes2014question,
  title={Question answering with subgraph embeddings},
  author={Bordes, Antoine and Chopra, Sumit and Weston, Jason},
  journal={arXiv preprint arXiv:1406.3676},
  year={2014}
}

@inproceedings{fader2013paraphrase,
  title={Paraphrase-Driven Learning for Open Question Answering.},
  author={Fader, Anthony and Zettlemoyer, Luke S and Etzioni, Oren},
  booktitle={ACL},
  pages={1608--1618},
  year={2013},
  organization={Citeseer}
}

@inproceedings{zhang2012ontological,
  title={Ontological Smoothing for Relation Extraction with Minimal Supervision.},
  author={Zhang, Congle and Hoffmann, Raphael and Weld, Daniel S},
  booktitle={AAAI},
  year={2012}
}

@inproceedings{lao2011random,
  title={Random walk inference and learning in a large scale knowledge base},
  author={Lao, Ni and Mitchell, Tom and Cohen, William W},
  booktitle={Proceedings of the Conference on Empirical Methods in Natural Language Processing},
  pages={529--539},
  year={2011},
  organization={Association for Computational Linguistics}
}

@inproceedings{carlson2010toward,
  title={Toward an Architecture for Never-Ending Language Learning.},
  author={Carlson, Andrew and Betteridge, Justin and Kisiel, Bryan and Settles, Burr and Hruschka Jr, Estevam R and Mitchell, Tom M},
  booktitle={AAAI},
  volume={5},
  pages={3},
  year={2010}
}

@article{reddy2014large,
  title={Large-scale semantic parsing without question-answer pairs},
  author={Reddy, Siva and Lapata, Mirella and Steedman, Mark},
  journal={Transactions of the Association for Computational Linguistics},
  volume={2},
  pages={377--392},
  year={2014}
}

@inproceedings{berant2013semantic,
  title={Semantic Parsing on Freebase from Question-Answer Pairs.},
  author={Berant, Jonathan and Chou, Andrew and Frostig, Roy and Liang, Percy},
  booktitle={EMNLP},
  pages={1533--1544},
  year={2013}
}

@article{kwiatkowski2013scaling,
  title={Scaling semantic parsers with on-the-fly ontology matching},
  author={Kwiatkowski, Tom and Choi, Eunsol and Artzi, Yoav and Zettlemoyer, Luke},
  year={2013},
  publisher={Citeseer}
}

@incollection{an2006discovering,
  title={Discovering the semantics of relational tables through mappings},
  author={An, Yuan and Borgida, Alex and Mylopoulos, John},
  booktitle={Journal on Data Semantics VII},
  pages={1--32},
  year={2006},
  publisher={Springer}
}
