@misc{kraft2011contextual,
  title={Contextual ranking of keywords using click data},
  author={Kraft, Reiner and Irmak, Utku and Von Brzeski, Vadim},
  year={2011},
  month=nov # "~1",
  publisher={Google Patents},
  note={US Patent 8,051,080}
}

@article{lamprecht2017structure,
  title={How the structure of Wikipedia articles influences user navigation},
  author={Lamprecht, Daniel and Lerman, Kristina and Helic, Denis and Strohmaier, Markus},
  journal={New Review of Hypermedia and Multimedia},
  volume={23},
  number={1},
  pages={29--50},
  year={2017},
  publisher={Taylor \& Francis}
}

@inproceedings{von2007leveraging,
  title={Leveraging context in user-centric entity detection systems},
  author={Von Brzeski, Vadim and Irmak, Utku and Kraft, Reiner},
  booktitle={Proceedings of the sixteenth ACM conference on Conference on information and knowledge management},
  pages={691--700},
  year={2007}
}

@article{yamada2018linkify,
  title={Linkify: enhancing text reading experience by detecting and linking helpful entities to users},
  author={Yamada, Ikuya and Ito, Tomotaka and Takeda, Hideaki and Takefuji, Yoshiyasu},
  journal={IEEE Intelligent Systems},
  volume={33},
  number={5},
  pages={37--46},
  year={2018},
  publisher={IEEE}
}

@article{csomai2008linking,
  title={Linking documents to encyclopedic knowledge},
  author={Csomai, Andras and Mihalcea, Rada},
  journal={IEEE Intelligent Systems},
  volume={23},
  number={5},
  pages={34--41},
  year={2008},
  publisher={IEEE}
}

@article{gao2014modeling,
  title={Modeling interestingness with deep neural networks},
  author={Gao, Jianfeng and Pantel, Patrick and Gamon, Michael and He, Xiaodong and Deng, Li},
  year={2014}
}

@article{brochier2021predicting,
  title={Predicting Links on Wikipedia with Anchor Text Information},
  author={Brochier, Robin and B{\'e}chet, Fr{\'e}d{\'e}ric},
  journal={arXiv preprint arXiv:2105.11734},
  year={2021}
}

@inproceedings{thruesen2016link,
  title={To link or not to link: Ranking hyperlinks in Wikipedia using collective attention},
  author={Thruesen, Philip and {\v{C}}ech{\'a}k, Jaroslav and Seznec, Blandine and Casta{\~n}o, Roel and Kanhabua, Nattiya},
  booktitle={2016 IEEE International Conference on Big Data (Big Data)},
  pages={1709--1718},
  year={2016},
  organization={IEEE}
}

@inproceedings{gundala2018readers,
  title={Readers' Demanded Hyperlink Prediction in Wikipedia},
  author={Gundala, Laxmi Amulya and Spezzano, Francesca},
  booktitle={Companion Proceedings of the The Web Conference 2018},
  pages={1805--1807},
  year={2018}
}

@inproceedings{dimitrov2016visual,
  title={Visual positions of links and clicks on wikipedia},
  author={Dimitrov, Dimitar and Singer, Philipp and Lemmerich, Florian and Strohmaier, Markus},
  booktitle={Proceedings of the 25th International Conference Companion on World Wide Web},
  pages={27--28},
  year={2016}
}

@inproceedings{dimitrov2017makes,
  title={What makes a link successful on wikipedia?},
  author={Dimitrov, Dimitar and Singer, Philipp and Lemmerich, Florian and Strohmaier, Markus},
  booktitle={Proceedings of the 26th International Conference on World Wide Web},
  pages={917--926},
  year={2017}
}

@inproceedings{mihalcea2007wikify,
  title={Wikify! Linking documents to encyclopedic knowledge},
  author={Mihalcea, Rada and Csomai, Andras},
  booktitle={Proceedings of the sixteenth ACM conference on Conference on information and knowledge management},
  pages={233--242},
  year={2007}
}

@inproceedings{guo2013link,
  title={To link or not to link? a study on end-to-end tweet entity linking},
  author={Guo, Stephen and Chang, Ming-Wei and Kiciman, Emre},
  booktitle={Proceedings of the 2013 Conference of the North American Chapter of the Association for Computational Linguistics: Human Language Technologies},
  pages={1020--1030},
  year={2013}
}

@article{brin1998anatomy,
  title={The anatomy of a large-scale hypertextual web search engine},
  author={Brin, Sergey and Page, Lawrence},
  journal={Computer networks and ISDN systems},
  volume={30},
  number={1-7},
  pages={107--117},
  year={1998},
  publisher={Elsevier}
}

@inproceedings{kleinberg1998authoritative,
  title={Authoritative sources in a hyperlinked environment.},
  author={Kleinberg, Jon M and others},
  booktitle={SODA},
  volume={98},
  pages={668--677},
  year={1998},
  organization={Citeseer}
}

@inproceedings{yamada2014evaluating,
  title={Evaluating the helpfulness of linked entities to readers},
  author={Yamada, Ikuya and Ito, Tomotaka and Usami, Shinnosuke and Takagi, Shinsuke and Takeda, Hideaki and Takefuji, Yoshiyasu},
  booktitle={Proceedings of the 25th ACM conference on Hypertext and social media},
  pages={169--178},
  year={2014}
}

@article{wu2010adapting,
  title={Adapting boosting for information retrieval measures},
  author={Wu, Qiang and Burges, Christopher JC and Svore, Krysta M and Gao, Jianfeng},
  journal={Information Retrieval},
  volume={13},
  number={3},
  pages={254--270},
  year={2010},
  publisher={Springer}
}

@article{clauset2004finding,
  title={Finding community structure in very large networks},
  author={Clauset, Aaron and Newman, Mark EJ and Moore, Cristopher},
  journal={Physical review E},
  volume={70},
  number={6},
  pages={066111},
  year={2004},
  publisher={APS}
}

@article{raghavan2007near,
  title={Near linear time algorithm to detect community structures in large-scale networks},
  author={Raghavan, Usha Nandini and Albert, R{\'e}ka and Kumara, Soundar},
  journal={Physical review E},
  volume={76},
  number={3},
  pages={036106},
  year={2007},
  publisher={APS}
}

@article{rosvall2009map,
  title={The map equation},
  author={Rosvall, Martin and Axelsson, Daniel and Bergstrom, Carl T},
  journal={The European Physical Journal Special Topics},
  volume={178},
  number={1},
  pages={13--23},
  year={2009},
  publisher={Springer}
}

@inproceedings{joseph2019content,
  title={Content based news recommendation via shortest entity distance over knowledge graphs},
  author={Joseph, Kevin and Jiang, Hui},
  booktitle={Companion Proceedings of The 2019 World Wide Web Conference},
  pages={690--699},
  year={2019}
}

@inproceedings{milne2008learning,
  title={Learning to link with wikipedia},
  author={Milne, David and Witten, Ian H},
  booktitle={Proceedings of the 17th ACM conference on Information and knowledge management},
  pages={509--518},
  year={2008}
}

@inproceedings{cucerzan-2007-large,
    title = "Large-Scale Named Entity Disambiguation Based on {W}ikipedia Data",
    author = "Cucerzan, Silviu",
    booktitle = "Proceedings of the 2007 Joint Conference on Empirical Methods in Natural Language Processing and Computational Natural Language Learning ({EMNLP}-{C}o{NLL})",
    month = jun,
    year = "2007",
    address = "Prague, Czech Republic",
    publisher = "Association for Computational Linguistics",
    url = "https://aclanthology.org/D07-1074",
    pages = "708--716",
}