@inproceedings{fan-etal-2019-plain,
    author = "Fan, Lisa  and
      White, Marshall  and
      Sharma, Eva  and
      Su, Ruisi  and
      Choubey, Prafulla Kumar  and
      Huang, Ruihong  and
      Wang, Lu",
      
    title = "In Plain Sight: Media Bias Through the Lens of Factual Reporting",
   
    booktitle = "Proceedings of the 2019 Conference on Empirical Methods in Natural Language Processing and the 9th International Joint Conference on Natural Language Processing (EMNLP-IJCNLP)",
    year = "2019",
    address = "Hong Kong, China",
    publisher = "Association for Computational Linguistics",
    url = "https://aclanthology.org/D19-1664",
    doi = "10.18653/v1/D19-1664",
    pages = "6343--6349"
}

@inproceedings{van-den-berg-markert-2020-context,
    title = "Context in Informational Bias Detection",
    author = "van den Berg, Esther  and
      Markert, Katja",
    booktitle = "Proceedings of the 28th International Conference on Computational Linguistics",
    month = dec,
    year = "2020",
    address = "Barcelona, Spain (Online)",
    publisher = "International Committee on Computational Linguistics",
    url = "https://aclanthology.org/2020.coling-main.556",
    doi = "10.18653/v1/2020.coling-main.556",
    pages = "6315--6326",
}

@inproceedings{baly-etal-2020-detect,
    title = "We Can Detect Your Bias: Predicting the Political Ideology of News Articles",
    author = "Baly, Ramy  and
      Da San Martino, Giovanni  and
      Glass, James  and
      Nakov, Preslav",
    booktitle = "Proceedings of the 2020 Conference on Empirical Methods in Natural Language Processing (EMNLP)",
    month = nov,
    year = "2020",
    address = "Online",
    publisher = "Association for Computational Linguistics",
    url = "https://aclanthology.org/2020.emnlp-main.404",
    doi = "10.18653/v1/2020.emnlp-main.404",
    pages = "4982--4991",
}

@misc{gao2021simcse,
      title={SimCSE: Simple Contrastive Learning of Sentence Embeddings}, 
      author={Tianyu Gao and Xingcheng Yao and Danqi Chen},
      year={2021},
      eprint={2104.08821},
      archivePrefix={arXiv},
      primaryClass={cs.CL}
}

@inbook{summpip,
author = {Zhao, Jinming and Liu, Ming and Gao, Longxiang and Jin, Yuan and Du, Lan and Zhao, He and Zhang, He and Haffari, Gholamreza},
title = {SummPip: Unsupervised Multi-Document Summarization with Sentence Graph Compression},
year = {2020},
isbn = {9781450380164},
publisher = {Association for Computing Machinery},
address = {New York, NY, USA},
url = {https://doi.org/10.1145/3397271.3401327},
pages = {1949–1952},
numpages = {4}
}

@inproceedings{kim2021how,
title={How to Find Your Friendly Neighborhood: Graph Attention Design with Self-Supervision},
author={Dongkwan Kim and Alice Oh},
booktitle={International Conference on Learning Representations},
year={2021},
url={https://openreview.net/forum?id=Wi5KUNlqWty}
}

@inproceedings{christensen-etal-2013-towards,
    title = "Towards Coherent Multi-Document Summarization",
    author = "Christensen, Janara  and
      {Mausam}  and
      Soderland, Stephen  and
      Etzioni, Oren",
    booktitle = "Proceedings of the 2013 Conference of the North {A}merican Chapter of the Association for Computational Linguistics: Human Language Technologies",
    month = jun,
    year = "2013",
    address = "Atlanta, Georgia",
    publisher = "Association for Computational Linguistics",
    url = "https://aclanthology.org/N13-1136",
    pages = "1163--1173",
}

@inproceedings{devlin-etal-2019-bert,
    title = "{BERT}: Pre-training of Deep Bidirectional Transformers for Language Understanding",
    author = "Devlin, Jacob  and
      Chang, Ming-Wei  and
      Lee, Kenton  and
      Toutanova, Kristina",
    booktitle = "Proceedings of the 2019 Conference of the North {A}merican Chapter of the Association for Computational Linguistics: Human Language Technologies, Volume 1 (Long and Short Papers)",
    month = jun,
    year = "2019",
    address = "Minneapolis, Minnesota",
    publisher = "Association for Computational Linguistics",
    url = "https://aclanthology.org/N19-1423",
    doi = "10.18653/v1/N19-1423",
    pages = "4171--4186"
}

@misc{liu2019roberta,
      title={RoBERTa: A Robustly Optimized BERT Pretraining Approach}, 
      author={Yinhan Liu and Myle Ott and Naman Goyal and Jingfei Du and Mandar Joshi and Danqi Chen and Omer Levy and Mike Lewis and Luke Zettlemoyer and Veselin Stoyanov},
      year={2019},
      eprint={1907.11692},
      archivePrefix={arXiv},
      primaryClass={cs.CL}
}

@inproceedings{cohan-etal-2019-pretrained,
    title = "Pretrained Language Models for Sequential Sentence Classification",
    author = "Cohan, Arman  and
      Beltagy, Iz  and
      King, Daniel  and
      Dalvi, Bhavana  and
      Weld, Dan",
    booktitle = "Proceedings of the 2019 Conference on Empirical Methods in Natural Language Processing and the 9th International Joint Conference on Natural Language Processing (EMNLP-IJCNLP)",
    month = nov,
    year = "2019",
    address = "Hong Kong, China",
    publisher = "Association for Computational Linguistics",
    url = "https://aclanthology.org/D19-1383",
    doi = "10.18653/v1/D19-1383",
    pages = "3693--3699",
}

@inproceedings{vo-lee-2020-facts,
    title = "Where Are the Facts? Searching for Fact-checked Information to Alleviate the Spread of Fake News",
    author = "Vo, Nguyen  and
      Lee, Kyumin",
    booktitle = "Proceedings of the 2020 Conference on Empirical Methods in Natural Language Processing (EMNLP)",
    month = nov,
    year = "2020",
    address = "Online",
    publisher = "Association for Computational Linguistics",
    url = "https://aclanthology.org/2020.emnlp-main.621",
    doi = "10.18653/v1/2020.emnlp-main.621",
    pages = "7717--7731",
}

@inproceedings{10.1145/3366423.3380158,
author = {Huang, Yen-Hao and Liu, Ting-Wei and Lee, Ssu-Rui and Calderon Alvarado, Fernando Henrique and Chen, Yi-Shin},
title = {Conquering Cross-Source Failure for News Credibility: Learning Generalizable Representations beyond Content Embedding},
year = {2020},
isbn = {9781450370233},
publisher = {Association for Computing Machinery},
address = {New York, NY, USA},
url = {https://doi.org/10.1145/3366423.3380158},
doi = {10.1145/3366423.3380158},
booktitle = {Proceedings of The Web Conference 2020},
pages = {774–784},
numpages = {11},
keywords = {cross-source failure, neural network, generalizability, fake news},
location = {Taipei, Taiwan},
series = {WWW '20}
}
@inproceedings{baly-etal-2018-predicting,
    title = "Predicting Factuality of Reporting and Bias of News Media Sources",
    author = "Baly, Ramy  and
      Karadzhov, Georgi  and
      Alexandrov, Dimitar  and
      Glass, James  and
      Nakov, Preslav",
    booktitle = "Proceedings of the 2018 Conference on Empirical Methods in Natural Language Processing",
    month = oct # "-" # nov,
    year = "2018",
    address = "Brussels, Belgium",
    publisher = "Association for Computational Linguistics",
    url = "https://aclanthology.org/D18-1389",
    doi = "10.18653/v1/D18-1389",
    pages = "3528--3539"
}

@inproceedings{chen-etal-2018-learning,
    title = "Learning to Flip the Bias of News Headlines",
    author = "Chen, Wei-Fan  and
      Wachsmuth, Henning  and
      Al-Khatib, Khalid  and
      Stein, Benno",
    booktitle = "Proceedings of the 11th International Conference on Natural Language Generation",
    month = nov,
    year = "2018",
    address = "Tilburg University, The Netherlands",
    publisher = "Association for Computational Linguistics",
    url = "https://aclanthology.org/W18-6509",
    doi = "10.18653/v1/W18-6509",
    pages = "79--88"
}

@misc{wei2020newb,
      title={NewB: 200,000+ Sentences for Political Bias Detection}, 
      author={Jerry Wei},
      year={2020},
      eprint={2006.03051},
      archivePrefix={arXiv},
      primaryClass={cs.CL}
}
@inproceedings{chen-etal-2020-analyzing,
    title = "Analyzing Political Bias and Unfairness in News Articles at Different Levels of Granularity",
    author = "Chen, Wei-Fan  and
      Al Khatib, Khalid  and
      Wachsmuth, Henning  and
      Stein, Benno",
    booktitle = "Proceedings of the Fourth Workshop on Natural Language Processing and Computational Social Science",
    month = nov,
    year = "2020",
    address = "Online",
    publisher = "Association for Computational Linguistics",
    url = "https://aclanthology.org/2020.nlpcss-1.16",
    doi = "10.18653/v1/2020.nlpcss-1.16",
    pages = "149--154"
}
@inproceedings{kulkarni-etal-2018-multi,
    title = "Multi-view Models for Political Ideology Detection of News Articles",
    author = "Kulkarni, Vivek  and
      Ye, Junting  and
      Skiena, Steve  and
      Wang, William Yang",
    booktitle = "Proceedings of the 2018 Conference on Empirical Methods in Natural Language Processing",
    month = oct # "-" # nov,
    year = "2018",
    address = "Brussels, Belgium",
    publisher = "Association for Computational Linguistics",
    url = "https://aclanthology.org/D18-1388",
    doi = "10.18653/v1/D18-1388",
    pages = "3518--3527"
}

@inproceedings{baly-etal-2019-multi,
    title = "Multi-Task Ordinal Regression for Jointly Predicting the Trustworthiness and the Leading Political Ideology of News Media",
    author = "Baly, Ramy  and
      Karadzhov, Georgi  and
      Saleh, Abdelrhman  and
      Glass, James  and
      Nakov, Preslav",
    booktitle = "Proceedings of the 2019 Conference of the North {A}merican Chapter of the Association for Computational Linguistics: Human Language Technologies, Volume 1 (Long and Short Papers)",
    month = jun,
    year = "2019",
    address = "Minneapolis, Minnesota",
    publisher = "Association for Computational Linguistics",
    url = "https://aclanthology.org/N19-1216",
    doi = "10.18653/v1/N19-1216",
    pages = "2109--2116",
}
@inproceedings{recasens-etal-2013-linguistic,
    title = "Linguistic Models for Analyzing and Detecting Biased Language",
    author = "Recasens, Marta  and
      Danescu-Niculescu-Mizil, Cristian  and
      Jurafsky, Dan",
    booktitle = "Proceedings of the 51st Annual Meeting of the Association for Computational Linguistics (Volume 1: Long Papers)",
    month = aug,
    year = "2013",
    address = "Sofia, Bulgaria",
    publisher = "Association for Computational Linguistics",
    url = "https://aclanthology.org/P13-1162",
    pages = "1650--1659",
}
@inproceedings{lim-etal-2020-annotating,
    title = "Annotating and Analyzing Biased Sentences in News Articles using Crowdsourcing",
    author = {Lim, Sora  and
      Jatowt, Adam  and
      F{\"a}rber, Michael  and
      Yoshikawa, Masatoshi},
    booktitle = "Proceedings of the 12th Language Resources and Evaluation Conference",
    month = may,
    year = "2020",
    address = "Marseille, France",
    publisher = "European Language Resources Association",
    url = "https://aclanthology.org/2020.lrec-1.184",
    pages = "1478--1484",
    language = "English",
    ISBN = "979-10-95546-34-4",
}
@misc{spinde2021mbic,
      title={MBIC -- A Media Bias Annotation Dataset Including Annotator Characteristics}, 
      author={T. Spinde and L. Rudnitckaia and K. Sinha and F. Hamborg and B. Gipp and K. Donnay},
      year={2021},
      eprint={2105.11910},
      archivePrefix={arXiv},
      primaryClass={cs.CL}
}
@article{SPINDE2021102505,
title = {Automated identification of bias inducing words in news articles using linguistic and context-oriented features},
journal = {Information Processing and Management},
volume = {58},
number = {3},
pages = {102505},
year = {2021},
issn = {0306-4573},
doi = {https://doi.org/10.1016/j.ipm.2021.102505},
url = {https://www.sciencedirect.com/science/article/pii/S0306457321000157},
author = {Timo Spinde and Lada Rudnitckaia and Jelena Mitrovic and Felix Hamborg and Michael Granitzer and Bela Gipp and Karsten Donnay},
keywords = {Media bias, Feature engineering, Text analysis, Context analysis, News analysis, Bias data set},
}
@inproceedings{iyyer-etal-2014-political,
    title = "Political Ideology Detection Using Recursive Neural Networks",
    author = "Iyyer, Mohit  and
      Enns, Peter  and
      Boyd-Graber, Jordan  and
      Resnik, Philip",
    booktitle = "Proceedings of the 52nd Annual Meeting of the Association for Computational Linguistics (Volume 1: Long Papers)",
    month = jun,
    year = "2014",
    address = "Baltimore, Maryland",
    publisher = "Association for Computational Linguistics",
    url = "https://aclanthology.org/P14-1105",
    doi = "10.3115/v1/P14-1105",
    pages = "1113--1122",
}
@inproceedings{gangula-etal-2019-detecting,
    title = "Detecting Political Bias in News Articles Using Headline Attention",
    author = "Gangula, Rama Rohit Reddy  and
      Duggenpudi, Suma Reddy  and
      Mamidi, Radhika",
    booktitle = "Proceedings of the 2019 ACL Workshop BlackboxNLP: Analyzing and Interpreting Neural Networks for NLP",
    month = aug,
    year = "2019",
    address = "Florence, Italy",
    publisher = "Association for Computational Linguistics",
    url = "https://aclanthology.org/W19-4809",
    doi = "10.18653/v1/W19-4809",
    pages = "77--84"
}
BibTeX
MODS XML
Endnote
@inproceedings{li-goldwasser-2019-encoding,
    title = "Encoding Social Information with Graph Convolutional Networks for{P}olitical Perspective Detection in News Media",
    author = "Li, Chang  and
      Goldwasser, Dan",
    booktitle = "Proceedings of the 57th Annual Meeting of the Association for Computational Linguistics",
    month = jul,
    year = "2019",
    address = "Florence, Italy",
    publisher = "Association for Computational Linguistics",
    url = "https://aclanthology.org/P19-1247",
    doi = "10.18653/v1/P19-1247",
    pages = "2594--2604",
}

@misc{baly2020detect,
      title={We Can Detect Your Bias: Predicting the Political Ideology of News Articles}, 
      author={Ramy Baly and Giovanni Da San Martino and James Glass and Preslav Nakov},
      year={2020},
      eprint={2010.05338},
      archivePrefix={arXiv},
      primaryClass={cs.CL}
}
@inproceedings{chen-etal-2020-detecting,
    title = "Detecting Media Bias in News Articles using {G}aussian Bias Distributions",
    author = "Chen, Wei-Fan  and
      Al Khatib, Khalid  and
      Stein, Benno  and
      Wachsmuth, Henning",
    booktitle = "Findings of the Association for Computational Linguistics: EMNLP 2020",
    month = nov,
    year = "2020",
    address = "Online",
    publisher = "Association for Computational Linguistics",
    url = "https://aclanthology.org/2020.findings-emnlp.383",
    doi = "10.18653/v1/2020.findings-emnlp.383",
    pages = "4290--4300",
}

@inbook{10.1145/3397271.3401327,
author = {Zhao, Jinming and Liu, Ming and Gao, Longxiang and Jin, Yuan and Du, Lan and Zhao, He and Zhang, He and Haffari, Gholamreza},
title = {SummPip: Unsupervised Multi-Document Summarization with Sentence Graph Compression},
year = {2020},
isbn = {9781450380164},
publisher = {Association for Computing Machinery},
address = {New York, NY, USA},
url = {https://doi.org/10.1145/3397271.3401327},
booktitle = {Proceedings of the 43rd International ACM SIGIR Conference on Research and Development in Information Retrieval},
pages = {1949–1952},
numpages = {4}
}