@article{mnih2013playing,
	title={Playing atari with deep reinforcement learning},
	author={Mnih, Volodymyr and Kavukcuoglu, Koray and Silver, David and Graves, Alex and Antonoglou, Ioannis and Wierstra, Daan and Riedmiller, Martin},
	journal={arXiv preprint arXiv:1312.5602},
	year={2013}
}

@article{wascher2007improved,
	title={An improved typology of cutting and packing problems},
	author={W{\"a}scher, Gerhard and Hau{\ss}ner, Heike and Schumann, Holger},
	journal={European journal of operational research},
	volume={183},
	number={3},
	pages={1109--1130},
	year={2007},
	publisher={Elsevier}
}

@article{nazari2018deep,
	title={Deep Reinforcement Learning for Solving the Vehicle Routing Problem},
	author={Nazari, Mohammadreza and Oroojlooy, Afshin and Snyder, Lawrence V and Tak{\'a}{\v{c}}, Martin},
	journal={arXiv preprint arXiv:1802.04240},
	year={2018}
}

@article{silver2016mastering,
	title={Mastering the game of Go with deep neural networks and tree search},
	author={Silver, David and Huang, Aja and Maddison, Chris J and Guez, Arthur and Sifre, Laurent and Van Den Driessche, George and Schrittwieser, Julian and Antonoglou, Ioannis and Panneershelvam, Veda and Lanctot, Marc and others},
	journal={nature},
	volume={529},
	number={7587},
	pages={484--489},
	year={2016},
	publisher={Nature Research}
}

@article{Hu2017Solving,
	title={Solving a New 3D Bin Packing Problem with Deep Reinforcement Learning Method},
	author={Haoyuan Hu and Xiaodong Zhang and Xiaowei Yan and Longfei Wang and Yinghui Xu},
	journal={CoRR},
	year={2017},
	volume={abs/1708.05930}
}

@inproceedings{li2014genetic,
	title={A genetic algorithm for the three-dimensional bin packing problem with heterogeneous bins},
	author={Li, Xueping and Zhao, Zhaoxia and Zhang, Kaike},
	booktitle={IIE Annual Conference. Proceedings},
	pages={2039},
	year={2014},
	organization={Institute of Industrial and Systems Engineers (IISE)}
}

@article{coffman1980performance,
	title="Performance bounds for level-oriented two-dimensional packing algorithms",
	author="Coffman, Jr, Edward G and Garey, Michael R and Johnson, David S and Tarjan, Robert Endre",
	journal="SIAM Journal on Computing",
	volume="9",
	number="4",
	pages="808--826",
	year="1980",
	publisher="SIAM"
}

@article{burke2013hyper,
	title={Hyper-heuristics: A survey of the state of the art},
	author={Burke, Edmund K and Gendreau, Michel and Hyde, Matthew and Kendall, Graham and Ochoa, Gabriela and {\"O}zcan, Ender and Qu, Rong},
	journal={Journal of the Operational Research Society},
	volume={64},
	number={12},
	pages={1695--1724},
	year={2013},
	publisher={Springer}
}

@inproceedings{remde2009binary,
	title={Binary exponential back off for tabu tenure in hyperheuristics},
	author={Remde, Stephen and Dahal, Keshav and Cowling, Peter and Colledge, Nic},
	booktitle={European Conference on Evolutionary Computation in Combinatorial Optimization},
	pages={109--120},
	year={2009},
	organization={Springer}
}


@article{gonccalves2013biased,
	title={A biased random key genetic algorithm for 2D and 3D bin packing problems},
	author={Gon{\c{c}}alves, Jos{\'e} Fernando and Resende, Mauricio GC},
	journal={International Journal of Production Economics},
	volume={145},
	number={2},
	pages={500--510},
	year={2013},
	publisher={Elsevier}
}


@inproceedings{cowling2000hyperheuristic,
	title={A hyperheuristic approach to scheduling a sales summit},
	author={Cowling, Peter and Kendall, Graham and Soubeiga, Eric},
	booktitle={International Conference on the Practice and Theory of Automated Timetabling},
	pages={176--190},
	year={2000},
	organization={Springer}
}


@inproceedings{sutskever2014sequence,
	title={Sequence to sequence learning with neural networks},
	author={Sutskever, Ilya and Vinyals, Oriol and Le, Quoc V},
	booktitle={NIPS},
	pages={3104--3112},
	year={2014}
}


@article{bahdanau2014neural,
	title={Neural machine translation by jointly learning to align and translate},
	author={Bahdanau, Dzmitry and Cho, Kyunghyun and Bengio, Yoshua},
	journal={arXiv preprint arXiv:1409.0473},
	year={2014}
}


@article{graves2014neural,
	title={Neural turing machines},
	author={Graves, Alex and Wayne, Greg and Danihelka, Ivo},
	journal={arXiv preprint arXiv:1410.5401},
	year={2014}
}

@article{kingma2014adam,
	title={Adam: A method for stochastic optimization},
	author={Kingma, Diederik P and Ba, Jimmy},
	journal={arXiv preprint arXiv:1412.6980},
	year={2014}
}


@article{Jylänki2010thousands,
	title="A three-dimensional bin packing algorithm[J]",
	author="Jylänki J",
	journal="retrived from http://clb. demon. fi/files/RectangleBinPack. pdf, 2010",
	volume="",
	number="",
	pages="",
	year="2010"
}


@article{scheithauer1991three,
	title="A three-dimensional bin packing algorithm",
	author="Scheithauer, Guntram",
	journal="Elektronische Informationsverarbeitung und Kybernetik",
	volume="27",
	number="5/6",
	pages="263--271",
	year="1991"
}

@article{crainic2008extreme,
	title={Extreme point-based heuristics for three-dimensional bin packing},
	author="Crainic, Teodor Gabriel and Perboli, Guido and Tadei, Roberto",
	journal="Informs Journal on computing",
	volume="20",
	number="3",
	pages="368--384",
	year="2008",
	publisher="Informs"
}

@article{chen1995analytical,
	title="An analytical model for the container loading problem",
	author="Chen, CS and Lee, Shen-Ming and Shen, QS",
	journal="EJOR",
	volume="80",
	number="1",
	pages="68--76",
	year="1995",
	publisher="Elsevier"
}

@article{martello2000three,
	title="The three-dimensional bin packing problem",
	author="Martello, Silvano and Pisinger, David and Vigo, Daniele",
	journal="OR",
	volume="48",
	number="2",
	pages="256--267",
	year="2000",
	publisher="INFORMS"
}

@article{miyazawa1997algorithm,
	title={An algorithm for the three-dimensional packing problem with asymptotic performance analysis},
	author={Miyazawa, Flavio Keidi and Wakabayashi, Yoshiko},
	journal={Algorithmica},
	volume={18},
	number={1},
	pages={122--144},
	year={1997},
	publisher={Springer}
}

@article{lodi2002heuristic,
	title="Heuristic algorithms for the three-dimensional bin packing problem",
	author="Lodi, Andrea and Martello, Silvano and Vigo, Daniele",
	journal="EJOR",
	volume="141",
	number="2",
	pages="410--420",
	year="2002",
	publisher="Elsevier"
}

@article{faroe2003guided,
	title="Guided local search for the three-dimensional bin-packing problem",
	author="Faroe, Oluf and Pisinger, David and Zachariasen, Martin",
	journal="Informs journal on computing",
	volume="15",
	number="3",
	pages="267--283",
	year="2003",
	publisher="INFORMS"
}

@article{kang2012hybrid,
	title="A hybrid genetic algorithm with a new packing strategy for the three-dimensional bin packing problem",
	author="Kang, Kyungdaw and Moon, Ilkyeong and Wang, Hongfeng",
	journal="Applied Mathematics and Computation",
	volume="219",
	number="3",
	pages="1287--1299",
	year="2012",
	publisher="Elsevier"
}

@article{crainic2009ts,
	title="Ts 2 pack: A two-level tabu search for the three-dimensional bin packing problem",
	author="Crainic, Teodor Gabriel and Perboli, Guido and Tadei, Roberto",
	journal="EJOR",
	volume="195",
	number="3",
	pages="744--760",
	year="2009",
	publisher="Elsevier"
}

@article{hifi2010linear,
	title={A linear programming approach for the three-dimensional bin-packing problem},
	author={Hifi, Mhand and Kacem, Imed and N{\`e}gre, St{\'e}phane and Wu, Lei},
	journal={Electronic Notes in Discrete Mathematics},
	volume={36},
	pages={993--1000},
	year={2010},
	publisher={Elsevier}
}

@article{kang2003algorithms,
	title="Algorithms for the variable sized bin packing problem",
	author="Kang, Jangha and Park, Sungsoo",
	journal="EJOR",
	volume="147",
	number="2",
	pages="365--372",
	year="2003",
	publisher="Elsevier"
}

@article{gendreau2004heuristics,
	title="Heuristics and lower bounds for the bin packing problem with conflicts",
	author="Gendreau, Michel and Laporte, Gilbert and Semet, Fr{\'e}d{\'e}ric",
	journal="Computers \& Operations Research",
	volume="31",
	number="3",
	pages="347--358",
	year="2004",
	publisher="Elsevier"
}

@article{khanafer2010new,
	title="New lower bounds for bin packing problems with conflicts",
	author="Khanafer, Ali and Clautiaux, Fran{\c{c}}ois and Talbi, El-Ghazali",
	journal="EJOR",
	volume="206",
	number="2",
	pages="281--288",
	year="2010",
	publisher="Elsevier"
}

@article{clautiaux2014lower,
	title="Lower and upper bounds for the Bin Packing Problem with Fragile Objects",
	author="Clautiaux, Fran{\c{c}}ois and Dell’Amico, Mauro and Iori, Manuel and Khanafer, Ali",
	journal="Discrete Applied Mathematics",
	volume="163",
	pages="73--86",
	year="2014",
	publisher="Elsevier"
}

@book{sutton1998reinforcement,
	title="Reinforcement learning: An introduction",
	author="Sutton, Richard S and Barto, Andrew G",
	volume="1",
	number="1",
	year="1998",
	publisher="MIT press Cambridge"
}

@incollection{nareyek2003choosing,
	title="Choosing search heuristics by non-stationary reinforcement learning",
	author="Nareyek, Alexander",
	booktitle="Metaheuristics: Computer decision-making",
	pages="523--544",
	year="2003",
	publisher="Springer"
}

@article{kool2018attention,
	title={Attention Solves Your TSP},
	author={Kool, WWM and Welling, M},
	journal={arXiv preprint arXiv:1803.08475},
	year={2018}
}

@inproceedings{ross2002hyper,
	title="Hyper-heuristics: learning to combine simple heuristics in bin-packing problems",
	author="Ross, Peter and Schulenburg, Sonia and Mar{\'\i}n-Bl{\"a}zquez, Javier G and Hart, Emma",
	booktitle="Proceedings of the 4th Annual Conference on Genetic and Evolutionary Computation",
	pages="942--948",
	year="2002",
	organization="Morgan Kaufmann Publishers Inc."
}

@inproceedings{vinyals2015pointer,
	title="Pointer networks",
	author="Vinyals, Oriol and Fortunato, Meire and Jaitly, Navdeep",
	booktitle="NIPS",
	pages="2692--2700",
	year="2015"
}

@article{bello2016neural,
	title="Neural Combinatorial Optimization with Reinforcement Learning",
	author="Bello, Irwan and Pham, Hieu and Le, Quoc V and Norouzi, Mohammad and Bengio, Samy",
	journal="arXiv preprint arXiv:1611.09940",
	year="2016"
}

@article{williams1992simple,
	title="Simple statistical gradient-following algorithms for connectionist reinforcement learning",
	author="Williams, Ronald J",
	journal="Machine learning",
	volume="8",
	number="3-4",
	pages="229--256",
	year="1992",
	publisher="Springer"
}

@inproceedings{mnih2016asynchronous,
	title="Asynchronous methods for deep reinforcement learning",
	author="Mnih, Volodymyr and Badia, Adria Puigdomenech and Mirza, Mehdi and Graves, Alex and Lillicrap, Timothy and Harley, Tim and Silver, David and Kavukcuoglu, Koray",
	booktitle="ICML",
	pages="1928--1937",
	year="2016"
}

@article{martello2003exact,
	title="An exact approach to the strip-packing problem",
	author="Martello, Silvano and Monaci, Michele and Vigo, Daniele",
	journal="INFORMS Journal on Computing",
	volume="15",
	number="3",
	pages="310--319",
	year="2003",
	publisher="INFORMS"
}

@article{steinberg1997strip,
	title="A strip-packing algorithm with absolute performance bound 2",
	author="Steinberg, A",
	journal="SIAM Journal on Computing",
	volume="26",
	number="2",
	pages="401--409",
	year="1997",
	publisher="SIAM"
}

@article{bortfeldt2006genetic,
	title="A genetic algorithm for the two-dimensional strip packing problem with rectangular pieces",
	author="Bortfeldt, Andreas",
	journal="EJOR",
	volume="172",
	number="3",
	pages="814--837",
	year="2006",
	publisher="Elsevier"
}

@article{kenmochi2009exact,
	title="Exact algorithms for the two-dimensional strip packing problem with and without rotations",
	author="Kenmochi, Mitsutoshi and Imamichi, Takashi and Nonobe, Koji and Yagiura, Mutsunori and Nagamochi, Hiroshi",
	journal="EJOR",
	volume="198",
	number="1",
	pages="73--83",
	year="2009",
	publisher="Elsevier"
}

@article{hopper2001review,
	title="A review of the application of meta-heuristic algorithms to 2D strip packing problems",
	author="Hopper, Eva and Turton, Brian CH",
	journal="Artificial Intelligence Review",
	volume="16",
	number="4",
	pages="257--300",
	year="2001",
	publisher="Springer"
}

@article{bortfeldt2007heuristic,
	title="A heuristic for the three-dimensional strip packing problem",
	author="Bortfeldt, Andreas and Mack, Daniel",
	journal="EJOR",
	volume="183",
	number="3",
	pages="1267--1279",
	year="2007",
	publisher="Elsevier"
}

@article{pardalos1991global,
	title="Global optimization algorithms for linearly constrained indefinite quadratic problems",
	author="Pardalos, Panos M",
	journal="Computers \& Mathematics with Applications",
	volume="21",
	number="6-7",
	pages="87--97",
	year="1991",
	publisher="Elsevier"
}

@misc{gary1979computers,
	title="Computers and Intractability: A Guide to the Theory of NP-completeness",
	author="Gary, Michael R and Johnson, David S",
	year="1979",
	publisher="WH Freeman and Company, New York"
}

@book{ abelson-et-al:scheme,
	author = "Harold Abelson and Gerald~Jay Sussman and Julie Sussman",
	title = "Structure and Interpretation of Computer Programs",
	publisher = "MIT Press",
	address = "Cambridge, Massachusetts",
	year = "1985"
}

@inproceedings{ bgf:Lixto,
	author = "Robert Baumgartner and Georg Gottlob and Sergio Flesca",
	title = "Visual Information Extraction with {Lixto}",
	booktitle = "Proceedings of the 27th International Conference on Very Large Databases",
	pages = "119--128",
	publisher = "Morgan Kaufmann",
	address = "Rome, Italy",
	month = "September",
	year = "2001"
}

@article{ brachman-schmolze:kl-one,
	author = "Ronald~J. Brachman and James~G. Schmolze",
	title = "An overview of the {KL-ONE} knowledge representation system",
	journal = "Cognitive Science",
	volume = "9",
	number = "2",
	pages = "171--216",
	month = "April--June",
	year = "1985"
}

@article{ gottlob:nonmon,
	author = "Georg Gottlob",
	title = "Complexity results for nonmonotonic logics",
	journal = "Journal of Logic and Computation",
	volume = "2",
	number = "3",
	pages = "397--425",
	month = "June",
	year = "1992"
}

@article{ gls:hypertrees,
	author = "Georg Gottlob and Nicola Leone and Francesco Scarcello",
	title = "Hypertree Decompositions and Tractable Queries",
	journal = "Journal of Computer and System Sciences",
	volume = "64",
	number = "3",
	pages = "579--627",
	month = "May",
	year = "2002"
}

@article{ levesque:functional-foundations,
	author = "Hector~J. Levesque",
	title = "Foundations of a functional approach to knowledge representation",
	journal = "Artificial Intelligence",
	volume = "23",
	number = "2",
	pages = "155--212",
	month = "July",
	year = "1984"
}

@inproceedings{ levesque:belief,
	author = "Hector~J. Levesque",
	title = "A logic of implicit and explicit belief",
	booktitle = "Proceedings of the Fourth National Conference on Artificial Intelligence",
	publisher = "AAAI",
	pages = "198--202",
	address = "Austin, Texas",
	month = "August",
	year = "1984"
}

@article{ nebel:jair-2000,
	author = "Bernhard Nebel",
	title = "On the compilability and expressive power of propositional planning formalisms",
	journal = "Journal of Artificial Intelligence Research",
	volume = "12",
	pages = "271--315",
	year = "2000"
}

@article{paulus2017deep,
	title={A deep reinforced model for abstractive summarization},
	author={Paulus, Romain and Xiong, Caiming and Socher, Richard},
	journal={arXiv preprint arXiv:1705.04304},
	year={2017}
}

@article{hochreiter1997long,
	title={Long short-term memory},
	author={Hochreiter, Sepp and Schmidhuber, J{\"u}rgen},
	journal={Neural computation},
	volume={9},
	number={8},
	pages={1735--1780},
	year={1997},
	publisher={MIT Press}
}

@inproceedings{cheng2016long,
	title={Long Short-Term Memory-Networks for Machine Reading},
	author={Cheng, Jianpeng and Dong, Li and Lapata, Mirella},
	booktitle={Proceedings of the 2016 Conference on Empirical Methods in Natural Language Processing},
	pages={551--561},
	year={2016}
}

@article{degris2012off-policy,
	title={Off-Policy Actor-Critic},
	author={Degris, Thomas and White, Martha and Sutton, Richard S},
	journal={international conference on machine learning},
	pages={179--186},
	year={2012}}
