@string{ eric = "{\bf{\underline{Eric Lo}}}"}
@string{ kenny = "{\bf{\underline{Kenny Zhu}}}"}



%%%%%%%%%%%%%
%%%%%%%Eric's paper

@inproceedings{bitagg,
author="ZiQiang Feng and  " # eric # "",
  title     = {{Accelerating Aggregation using Intra-cycle Parallelism}},
  booktitle = {IEEE International Conference on Data Engineering},
  year      = {2015}
}


@inproceedings{byteslice,
 author = "ZiQiang Feng and  " # eric # " and Ben Kao and Xu, Wenjian",
 title = {Pushing the Envelop of Main Memory Data Processing with a New Storage Layout},
 booktitle = {ACM SIGMOD International Conference on Management of Data},
 year = {2015},
 pages = {31--46},
} 

@inproceedings{artplus,
author="Petrie Wong and Ziqiang Feng and Wenjian Xu and " # eric # " and Ben Kao",
 title = {{TLB misses - the Missing Issue of Adaptive Radix Tree?}},
 booktitle = {ACM SIGMOD International Conference on Management Workshop on Data Management on New Hardware (DaMoN)},
 year = {2015},
 pages = {31--46},
} 



@INPROCEEDINGS{eric-solapdemo,
  author    = "" # eric # " and Ben Kao  and Wai-Shing Ho and Chui-Kit Chui and David Cheung",
  title     = {{S-OLAP: an OLAP system for analyzing sequence data}},
  booktitle = {SIGMOD},
  year      = {2010},
  pages     = {1131-1142}
}


@inproceedings{eric-qagen,
  author    = "Carsten Binnig and Donald Kossmann and  " # eric # " and               M. Tamer {\"O}zsu",
  title     = {{QAGen: generating query-aware test databases}},
  booktitle = {SIGMOD},
  year      = {2007},
  pages     = {341-352}
}

@INPROCEEDINGS{thrifty,
author="Petrie Wong and Zhian He and  " # eric # "",
title={Parallel Analytics as a Service}, 
booktitle={SIGMOD}, 
year={2013}
}


@INPROCEEDINGS{bigframe,
author = "Zhian He and Mayuresh Kunjir and Harold Lim  and " # eric # " and " # babu # " and  Meichun Hsu and Malu Castellanos",
title = {Benchmarking ``No One Size Fits All'' Big Data Analytics},
booktitle = {Workshop on Big Data Benchmarking},
year = 2013
}




 @article{eric-mybenchmark,
  author    = "" # eric # " and Nick Cheng and Wing-Kai Hon",
 title = {Generating Databases for Query Workloads},
  journal = {PVLDB},
  volume = 3,  
  number = 1,
  pages =  {848-859},
  year =2010
  }


@article{eric-snapshotgraph,
  author    =  "Chenghui Ren and " # eric # " and Ben Kao and Xinjie Zhu and " # reynold # "",
  title     = {{On Querying Historical Evolving Graph Sequences}},
  journal = {PVLDB},
  volume = 4,
  number = 11,
  year      = {2011}
}

@article{eric-hiddengraph,
  author    = "Jianguo Wang and " # eric # " and " # ken # "",
  title     = {{Identifying the Most Connected Vertices in Hidden Bipartite Graphs using Group Testing}},
  journal = {IEEE TKDE},
  year = 2014
}


@inproceedings{eric-solap,
  author    = "" # eric # " and Ben Kao  and Wai-Shing Ho and Chui-Kit Chui and David Cheung",
  title     = {{OLAP on sequence data}},
  booktitle = {SIGMOD},
  year      = {2008},
  pages     = {649-660}
}

@inproceedings{eric-ranksolap,
  author    = "Chui-Kit Chui and " # eric # " and Ben Kao and  Wai-Shing Ho",
  title     = {Supporting Ranking Pattern-Based Aggregate Queries in Sequence Data Cubes},
  booktitle = {CIKM},
  year      = {2009}
}

@inproceedings{eric-rqp,
  author    = "" # eric # " and Carsten Binnig  and Donald Kossmann",
  title = {Reverse Query Processing},
   booktitle ={ICDE},
   year =  2007,
   pages ={ 506-515}
   }
   
   @article{eric-websky,
  author    = "" # eric # "  and " # kevin # " and King-Ip Lin and David W. Cheung",
 title = {Progressive skylining over Web-accessible databases},
  journal = {DKE},
  volume = 57,
  number = 2,
  pages  = {122-147},
  year =2006
  }


@inproceedings{eric-whynot,
  author    = "Zhian He and " # eric # "",
  title     = {{Answering Why-Not Questions on Top-k Queries}},
  booktitle = {ICDE},
  year      = {2012}
}


@inproceedings{eric-iosolap,
  author    = "Chui-Kit Chui and " # eric # " and Ben Kao and " # reynold # "",
  title     = {{I/O-Efficient Algorithms for Answering Pattern-Based Aggregate Queries in a Sequence OLAP System}},
  booktitle = {CIKM},
  year      = {2011}
}

@inproceedings{eric-skyline,
  author    = "Ming-Hay Luk and " # ken # " and " # eric # "",
  title     = {Group-by Skyline Query Processing in Relational Engines},
  booktitle = {CIKM},
  year      = {2009}
}


@article{eric-skycube,
  author    = "" # ken # " and  and " # eric # " and Duncan Yung",
  title = {Measuring the Sky: On Computing Data Cubes via Skylining the Measures},
  journal = {IEEE TKDE},
  volume = 24,
  number = 3,
  pages = {492-505},
  year = 2012
  }

@inproceedings{eric-auth-knn,
  author    = "" # ken # " and " # eric # " and Duncan Yung",
  title  = {Authentication processing of moving kNN queries},
  booktitle = {ICDE},
  year = 2011,
  pages = {565-576}
}

@inproceedings{eric-auth-range,
  author    = "Duncan Yung and " # eric # " and " # ken # "",
  title  = {Authentication of Moving Range Queries},
  booktitle = {CIKM},
  year = 2012
}

@inproceedings{eric-sigir,
author = "Jianguo Wang and " # eric # " and Man Lung Yiu and Jiancong Tong and Gang Wang and Xiaoguang Liu",
title = {The impact of solid state drive on search engine cache management},
booktitle = {SIGIR},
year =  2013,
pages = { 693-702}
}

@article{eric-tois,
author = "Jianguo Wang and " # eric # " and Man Lung Yiu and Jiancong Tong and Gang Wang and Xiaoguang Liu",
title = {Cache management for solid state drive based search engine},
journal = {ACM Transactions on Information Systems},
year = 2014,
volume = 32,
number = 4
}


@inproceedings{eric-htpar,
author = "" # eric # " and Florian Haftmann  and Donald Kossmann",
title = {Parallel Query Execution in Database Applications},
booktitle = {VLDB},
year = 2005,
pages = { 589-600}
}

