@article{burges2010ranknet,
  title={From ranknet to lambdarank to lambdamart: An overview},
  author={Burges, Christopher JC},
  journal={Learning},
  volume={11},
  number={23-581},
  pages={81},
  year={2010}
}

@inproceedings{zhang2013cross,
	title={Cross Lingual Entity Linking with Bilingual Topic Model.},
	author={Zhang, Tao and Liu, Kang and Zhao, Jun and others},
	booktitle={IJCAI},
	year={2013}
}

@inproceedings{mikolov2013distributed,
	title={Distributed representations of words and phrases and their compositionality},
	author={Mikolov, Tomas and Sutskever, Ilya and Chen, Kai and Corrado, Greg S and Dean, Jeff},
	booktitle={Advances in neural information processing systems},
	pages={3111--3119},
	year={2013}
}

@inproceedings{burges2005learning,
	title={Learning to rank using gradient descent},
	author={Burges, Chris and Shaked, Tal and Renshaw, Erin and Lazier, Ari and Deeds, Matt and Hamilton, Nicole and Hullender, Greg},
	booktitle={Proceedings of the 22nd international conference on Machine learning},
	pages={89--96},
	year={2005},
	organization={ACM}
}

@inproceedings{sun2015modeling,
	title={Modeling Mention, Context and Entity with Neural Networks for Entity Disambiguation.},
	author={Sun, Yaming and Lin, Lei and Tang, Duyu and Yang, Nan and Ji, Zhenzhou and Wang, Xiaolong}
}

@inproceedings{tsai2016cross,
  title={Cross-lingual wikification using multilingual embeddings},
  author={Tsai, Chen-Tse and Roth, Dan},
  booktitle={Proceedings of NAACL-HLT},
  pages={589--598},
  year={2016}
}

@inproceedings{mcnamee2011cross,
  title={Cross-Language Entity Linking.},
  author={McNamee, Paul and Mayfield, James and Lawrie, Dawn and Oard, Douglas W and Doermann, David S},
  booktitle={IJCNLP},
  pages={255--263},
  year={2011}
}

@article{limaye2010annotating,
  title={Annotating and searching web tables using entities, types and relationships},
  author={Limaye, Girija and Sarawagi, Sunita and Chakrabarti, Soumen},
  journal={Proceedings of the VLDB Endowment},
  volume={3},
  number={1-2},
  pages={1338--1347},
  year={2010},
  publisher={VLDB Endowment}
}

@inproceedings{bhagavatula2015tabel,
  title={TabEL: entity linking in web tables},
  author={Bhagavatula, Chandra Sekhar and Noraset, Thanapon and Downey, Doug},
  booktitle={International Semantic Web Conference},
  pages={425--441},
  year={2015},
  organization={Springer}
}

@inproceedings{wang2012understanding,
  title={Understanding tables on the web},
  author={Wang, Jingjing and Wang, Haixun and Wang, Zhongyuan and Zhu, Kenny Q},
  booktitle={International Conference on Conceptual Modeling},
  pages={141--155},
  year={2012},
  organization={Springer}
}

@article{cafarella2008webtables,
  title={Webtables: exploring the power of tables on the web},
  author={Cafarella, Michael J and Halevy, Alon and Wang, Daisy Zhe and Wu, Eugene and Zhang, Yang},
  journal={Proceedings of the VLDB Endowment},
  volume={1},
  number={1},
  pages={538--549},
  year={2008},
  publisher={VLDB Endowment}
}

@inproceedings{wu2016entity,
  title={Entity Linking in Web Tables with Multiple Linked Knowledge Bases},
  author={Wu, Tianxing and Yan, Shengjia and Piao, Zhixin and Xu, Liang and Wang, Ruiming and Qi, Guilin},
  booktitle={Joint International Semantic Technology Conference},
  pages={239--253},
  year={2016},
  organization={Springer}
}

@article{pasca2006using,
	title={Using Encyclopedic Knowledge for Named Entity Disambiguation},
	author={Pasca, Razvan Bunescu And Marius},
	year={2006}}

@article{mihalcea2007wikify!:,
	title={Wikify!: linking documents to encyclopedic knowledge},
	author={Mihalcea, Rada and Csomai, Andras},
	pages={233--242},
	year={2007}}

@article{cucerzan2007large-scale,
	title={Large-Scale Named Entity Disambiguation Based on Wikipedia Data.},
	author={Cucerzan, Silviu},
	year={2007}}

@article{milne2008learning,
	title={Learning to link with wikipedia},
	author={Milne, David and Witten, Ian H},
	pages={509--518},
	year={2008}}

@article{ratinov2011local,
	title={Local and global algorithms for disambiguation to Wikipedia},
	author={Ratinov, Lev and Roth, Dan and Downey, Doug and Anderson, Michael R},
	pages={1375--1384},
	year={2011}}

@article{yang2016s-mart:,
	title={S-MART: Novel Tree-based Structured Learning Algorithms Applied to Tweet Entity Linking},
	author={Yang, Yi and Chang, Mingwei},
	pages={504--513},
	year={2016}}

@inproceedings{syed2010exploiting,
	title={Exploiting a web of semantic data for interpreting tables},
	author={Syed, Zareen and Finin, Tim and Mulwad, Varish and Joshi, Anupam},
	booktitle={Proceedings of the Second Web Science Conference},
	volume={5},
	year={2010}
}

@inproceedings{syed2008wikitology,
	title={Wikitology: Using wikipedia as an ontology},
	author={Syed, Zareen Saba and Finin, Tim and Joshi, Anupam},
	booktitle={proceeding of the second international conference on Weblogs and Social Media},
	year={2008}
}

@inproceedings{irvine2010transliterating,
	title={Transliterating from all languages},
	author={Irvine, Ann and Callison-Burch, Chris and Klementiev, Alexandre},
	booktitle={Proceedings of the Conference of the Association for Machine Translation in the Americas (AMTA)},
	year={2010}
}

@inproceedings{han2009named,
	title={Named entity disambiguation by leveraging wikipedia semantic knowledge},
	author={Han, Xianpei and Zhao, Jun},
	booktitle={Proceedings of the 18th ACM conference on Information and knowledge management},
	pages={215--224},
	year={2009},
	organization={ACM}
}

@inproceedings{zhang2011wikipedia,
	title={A Wikipedia-LDA Model for Entity Linking with Batch Size Changing Instance Selection.},
	author={Zhang, Wei and Su, Jian and Tan, Chew Lim},
	booktitle={IJCNLP},
	pages={562--570},
	year={2011}
}

@inproceedings{ibrahim2016making,
	title={Making Sense of Entities and Quantities in Web Tables},
	author={Ibrahim, Yusra and Riedewald, Mirek and Weikum, Gerhard},
	booktitle={Proceedings of the 25th ACM International on Conference on Information and Knowledge Management},
	pages={1703--1712},
	year={2016},
	organization={ACM}
}

@inproceedings{munoz2014using,
	title={Using linked data to mine RDF from wikipedia's tables},
	author={Mu{\~n}oz, Emir and Hogan, Aidan and Mileo, Alessandra},
	booktitle={Proceedings of the 7th ACM international conference on Web search and data mining},
	pages={533--542},
	year={2014},
	organization={ACM}
}

@inproceedings{sekhavat2014knowledge,
	title={Knowledge Base Augmentation using Tabular Data.},
	author={Sekhavat, Yoones A and Di Paolo, Francesco and Barbosa, Denilson and Merialdo, Paolo},
	booktitle={LDOW},
	year={2014}
}

@inproceedings{fahrni2011hits,
	title={HITS'Cross-lingual Entity Linking System at TAC 2011: One Model for All Languages.},
	author={Fahrni, Angela and Strube, Michael},
	booktitle={TAC},
	year={2011}
}

@inproceedings{wang2015language,
	title={Language and Domain Independent Entity Linking with Quantified Collective Validation.},
	author={Wang, Han and Zheng, Jinguang and Ma, Xiaogang and Fox, Peter and Ji, Heng},
	booktitle={EMNLP},
	pages={695--704},
	year={2015}
}

@inproceedings{ji2010overview,
	title={Overview of the TAC 2010 knowledge base population track},
	author={Ji, Heng and Grishman, Ralph and Dang, Hoa Trang and Griffitt, Kira and Ellis, Joe},
	booktitle={Third Text Analysis Conference (TAC 2010)},
	volume={3},
	number={2},
	pages={3--3},
	year={2010}
}

@inproceedings{ji2014overview,
	title={Overview of tac-kbp2014 entity discovery and linking tasks},
	author={Ji, Heng and Nothman, Joel and Hachey, Ben},
	booktitle={Proc. Text Analysis Conference (TAC2014)},
	pages={1333--1339},
	year={2014}
}

@inproceedings{ji2015overview,
	title={Overview of tac-kbp2015 tri-lingual entity discovery and linking},
	author={Ji, Heng and Nothman, Joel and Hachey, Ben and Florian, Radu},
	booktitle={Proceedings of the Eighth Text Analysis Conference (TAC2015)},
	year={2015}
}

@article{cano2014microposts2014,
	title={microposts2014 neel challenge: Measuring the performance of entity linking systems in social streams},
	author={Cano, Amparo Elizabeth and Rizzo, Giuseppe and Varga, Andrea and Rowe, Matthew and Stankovic, Milan and Dadzie, Aba-Sah},
	journal={Proc. of the Microposts2014 NEEL Challenge},
	year={2014}
}

@inproceedings{carmel2014erd,
	title={ERD'14: entity recognition and disambiguation challenge},
	author={Carmel, David and Chang, Ming-Wei and Gabrilovich, Evgeniy and Hsu, Bo-June Paul and Wang, Kuansan},
	booktitle={ACM SIGIR Forum},
	volume={48},
	number={2},
	pages={63--77},
	year={2014},
	organization={ACM}
}

@inproceedings{bollacker2008freebase,
	title={Freebase: a collaboratively created graph database for structuring human knowledge},
	author={Bollacker, Kurt and Evans, Colin and Paritosh, Praveen and Sturge, Tim and Taylor, Jamie},
	booktitle={Proceedings of the 2008 ACM SIGMOD international conference on Management of data},
	pages={1247--1250},
	year={2008},
	organization={AcM}
}

@inproceedings{suchanek2007yago,
	title={Yago: a core of semantic knowledge},
	author={Suchanek, Fabian M and Kasneci, Gjergji and Weikum, Gerhard},
	booktitle={Proceedings of the 16th international conference on World Wide Web},
	pages={697--706},
	year={2007},
	organization={ACM}
}

@techreport{page1999pagerank,
	title={The PageRank citation ranking: Bringing order to the web.},
	author={Page, Lawrence and Brin, Sergey and Motwani, Rajeev and Winograd, Terry},
	year={1999},
	institution={Stanford InfoLab}
}

@article{hotelling1936relations,
	title={Relations between two sets of variates},
	author={Hotelling, Harold},
	journal={Biometrika},
	volume={28},
	number={3/4},
	pages={321--377},
	year={1936},
	publisher={JSTOR}
}

@inproceedings{cai2013wikification,
	title={Wikification via link co-occurrence},
	author={Cai, Zhiyuan and Zhao, Kaiqi and Zhu, Kenny Q and Wang, Haixun},
	booktitle={Proceedings of the 22nd ACM international conference on Conference on information \& knowledge management},
	pages={1087--1096},
	year={2013},
	organization={ACM}
}
