%
% tutorial: http://www.iam.ubc.ca/~newbury/tex/bibtex.html
%

% LONG VERSION
@Comment

@string{vldb = "Proc. of Very Large Database (VLDB)"}
@Comment
@string{icde = "Int. Conf. Data Engineering (ICDE)"}
@Comment
@string{kdd = "Int'l Conf. on Knowledge Discovery and Data Mining (SIGKDD)"}
@Comment
@string{sigmod = "Int'l Conf. Management of Data (SIGMOD)"}
@Comment
@string{icdm = "Int'l Conf. Data Mining (ICDM)"}
@Comment
@string{edbt = "Int'l Conf. on Extending Database Technology (EDBT)"}
@Comment
@string{icml = "Int'l Conf. on Machine Learning (ICML)"}
@Comment
@string{pods = "ACM Symposium on Principles of Database Systems (PODS)"}
@Comment
@string{icdt = "International Conference on Database Theory (ICDT)"}
@Comment
@string{focs = "IEEE Symposium on Foundations of Computer Science (FOCS)"}
@Comment
@string{sdm = "SIAM Int'l Conf. on Data Mining (SDM)"}
@Comment
@string{ijcai = "Int'l Joint Conf. on Artificial Intelligence (IJCAI)"}
@Comment
@string{www = "Int'l World Wide Web Conference (WWW)"}
@Comment
@string{acl = "Association of Computational
Linguistics Conference (ACL)"}

% SHORT VERSION
@string{vldb = "VLDB"}
@string{icde = "ICDE"}
@string{kdd = "SIGKDD"}
@string{sigmod = "SIGMOD"}
@string{icdm = "ICDM"}
@string{edbt = "EDBT"}
@string{icml = "ICML"}
@string{pods = "PODS"}
@string{icdt = "ICDT"}
@string{focs = "FOCS"}
@string{sdm = "SIAM Data Mining"}
@string{ijcai = "IJCAI"}
@string{www = "WWW"}
@string{webdb = "WebDB"}
@string{nips = "NIPS"}
@string{iccl = "ICCL"}
@string{icdl = "ICDL"}
@string{sigir = "SIGIR"}
@string{acl = "ACL"}

@inproceedings{yemao,
  title={On the semantic annotation of places in location-based social networks},
  author={Ye, Mao and Shou, Dong and Lee, Wang-Chien and Yin, Peifeng and Janowicz, Krzysztof},
  booktitle={Proceedings of the 17th ACM SIGKDD international conference on Knowledge discovery and data mining},
  pages={520--528},
  year={2011},
  organization={ACM}
}
@incollection{interestprofile,
  title={Semantic tagging of places based on user interest profiles from online social networks},
  author={Hegde, Vinod and Parreira, Josiane Xavier and Hauswirth, Manfred},
  booktitle={Advances in Information Retrieval},
  pages={218--229},
  year={2013},
  publisher={Springer}
}


%smart phone
@inproceedings{phoneImageAudio,
  title={Automatically characterizing places with opportunistic crowdsensing using smartphones},
  author={Chon, Yohan and Lane, Nicholas D and Li, Fan and Cha, Hojung and Zhao, Feng},
  booktitle={Proceedings of the 2012 ACM Conference on Ubiquitous Computing},
  pages={481--490},
  year={2012},
  organization={ACM}
}

@article{MDCconditional,
  title={Feature engineering for semantic place prediction},
  author={Zhu, Yin and Zhong, Erheng and Lu, Zhongqi and Yang, Qiang},
  journal={Pervasive and Mobile Computing},
  volume={9},
  number={6},
  pages={772--783},
  year={2013},
  publisher={Elsevier}
}

@article{topicmodelMDC1,
  title={Topic modeling-based semantic annotation of place using personal behavior and environmental features},
  author={Chon, Yohan and Kim, Yungeun and Shin, Hyojeong and Cha, Hojung},
  journal={Transportation},
  volume={23},
  pages={110},
  year={2009}
}

@inproceedings{MDCdescriptive,
  title={Semantic place prediction by combining smart binary classifiers},
  author={Montoliu, Raul and Mart{\'\i}nez-Uso, Adolfo and Mart{\'\i}nez-Sotoca, Jose and McInerney, J},
  booktitle={Nokia Mobile Data Challenge 2012 Workshop. p. Dedicated task},
  volume={1},
  number={1},
  year={2012}
}

%Location Feature
@inproceedings{LocationZheng,
  title={Collaborative location and activity recommendations with gps history data},
  author={Zheng, Vincent W and Zheng, Yu and Xie, Xing and Yang, Qiang},
  booktitle={Proceedings of the 19th international conference on World wide web},
  pages={1029--1038},
  year={2010},
  organization={ACM}
}

@inproceedings{LocationPlacer,
  title={Placer: semantic place labels from diary data},
  author={Krumm, John and Rouhana, Dany},
  booktitle={Proceedings of the 2013 ACM international joint conference on Pervasive and ubiquitous computing},
  pages={163--172},
  year={2013},
  organization={ACM}
}

%User behavior
@inproceedings{UserRoutine,
  title={Discovering and predicting user routines by differential analysis of social network traces},
  author={Pianese, Fabio and An, Xueli and Kawsar, Fahim and Ishizuka, Hiroki},
  booktitle={World of Wireless, Mobile and Multimedia Networks (WoWMoM), 2013 IEEE 14th International Symposium and Workshops on a},
  pages={1--9},
  year={2013},
  organization={IEEE}
}

@inproceedings{userbehavior,
  title={Mining user behaviours: a study of check-in patterns in location based social networks},
  author={Preo{\c{t}}iuc-Pietro, Daniel and Cohn, Trevor},
  booktitle={Proceedings of the 5th Annual ACM Web Science Conference},
  pages={306--315},
  year={2013},
  organization={ACM}
}

@article{yournextmove,
  title={What¡¯s Your Next Move: User Activity Prediction in Location-based Social Networks},
  author={Ye, Jihang and Zhu, Zhe and Cheng, Hong},
  journal={SDM¡¯13},
  year={2013},
  publisher={SIAM}
}
