@article{mind-reading,
	author  = {Judy Dunn},
	title   = {Mind-reading, emotion understanding, and relationships},
	journal = {International Journal of Behavioral Development},
	year    = {2000},
	volume  = {24},
	issue   = {2},
	pages   = {142-144},
	doi = "10.1080/016502500383241",
}

@article{conversational-motive,
	author  = {Elizabeth E. Grabam and Carole A. Barbato and
	Elizabeth M. Perse
	},
	title   = {The Interpersonal Communication Motives Model},
	journal = {Communication Quarterly},
	year    = {1993},
	volume  = {41},
	issue   = {2},
}

@inproceedings{tension-monitor,
	title = {Mental Tension Detection in the Speech
	based on physiological monitoring},
	author = {Michiaki Ariga and Yoshikazu Yano and Shinji Doki and Shigeru Okuma},
	booktitle = {IEEE International Conference on Systems, Man and Cybernetics},
	year = {2007},
}

@inproceedings{bopolar-monitor,
	title = {ECOLOGICALLY VALID LONG-TERM MOOD MONITORING OF INDIVIDUALSWITH BIPOLAR DISORDER USING SPEECH},
	author = {Zahi N. Karam and Emily Mower Provost and Satinder Singh and Jennifer Montgomery and Christopher Archer and Gloria Harrington and MelvinG. Mcinnis},
	booktitle = {ICASSP},
	year = {2014},
}

@inproceedings{cog-load,
	title = {Speech-based cognitive load monitoring system},
	author = {ZBo Yin and Fang Chen and Natalie Ruiz and Eliathamby Ambikairajah},
	booktitle = {ICASSP},
	year = {2008},
}

@inproceedings{HanZYWYLS18,
	author    = {Xu Han and
	Hao Zhu and
	Pengfei Yu and
	Ziyun Wang and
	Yuan Yao and
	Zhiyuan Liu and
	Maosong Sun},
	title     = {FewRel: {A} Large-Scale Supervised Few-shot Relation Classification
	Dataset with State-of-the-Art Evaluation},
	booktitle = {Proceedings of the 2018 Conference on Empirical Methods in Natural
	Language Processing, Brussels, Belgium, October 31 - November 4, 2018},
	year      = {2018},
}

@inproceedings{ZhangZCAM17,
	author    = {Yuhao Zhang and
	Victor Zhong and
	Danqi Chen and
	Gabor Angeli and
	Christopher D. Manning},
	title     = {Position-aware Attention and Supervised Data Improve Slot Filling},
	booktitle = {Proceedings of the 2017 Conference on Empirical Methods in Natural
	Language Processing, {EMNLP} 2017, Copenhagen, Denmark, September
	9-11, 2017},
	year      = {2017}
}

@inproceedings{Zhang0M18,
	author    = {Yuhao Zhang and
	Peng Qi and
	Christopher D. Manning},
	title     = {Graph Convolution over Pruned Dependency Trees Improves Relation Extraction},
	booktitle = {Proceedings of the 2018 Conference on Empirical Methods in Natural
	Language Processing, Brussels, Belgium, October 31 - November 4, 2018},
	year      = {2018}
}

@inproceedings{GaoH0S19,
	author    = {Tianyu Gao and
	Xu Han and
	Zhiyuan Liu and
	Maosong Sun},
	title     = {Hybrid Attention-Based Prototypical Networks for Noisy Few-Shot Relation
	Classification},
	booktitle = {The Thirty-Third {AAAI} Conference on Artificial Intelligence, {AAAI}
	2019, The Thirty-First Innovative Applications of Artificial Intelligence
	Conference, {IAAI} 2019, The Ninth {AAAI} Symposium on Educational
	Advances in Artificial Intelligence, {EAAI} 2019, Honolulu, Hawaii,
	USA, January 27 - February 1, 2019},
	year      = {2019}
}

@inproceedings{ZhangHLJSL19,
	author    = {Zhengyan Zhang and
	Xu Han and
	Zhiyuan Liu and
	Xin Jiang and
	Maosong Sun and
	Qun Liu},
	title     = {{ERNIE:} Enhanced Language Representation with Informative Entities},
	booktitle = {Proceedings of the 57th Conference of the Association for Computational
	Linguistics, {ACL} 2019, Florence, Italy, July 28- August 2, 2019,
	Volume 1: Long Papers},
	year      = {2019}
}

@inproceedings{YaoYLHLLLHZS19,
	author    = {Yuan Yao and
	Deming Ye and
	Peng Li and
	Xu Han and
	Yankai Lin and
	Zhenghao Liu and
	Zhiyuan Liu and
	Lixin Huang and
	Jie Zhou and
	Maosong Sun},
	title     = {DocRED: {A} Large-Scale Document-Level Relation Extraction Dataset},
	booktitle = {Proceedings of the 57th Conference of the Association for Computational
	Linguistics, {ACL} 2019, Florence, Italy, July 28- August 2, 2019,
	Volume 1: Long Papers},
	year      = {2019}
}

@inproceedings{YuSCY20,
	author    = {Dian Yu and
	Kai Sun and
	Claire Cardie and
	Dong Yu},
	title     = {Dialogue-Based Relation Extraction},
	booktitle = {Proceedings of the 58th Annual Meeting of the Association for Computational
	Linguistics, {ACL} 2020, Online, July 5-10, 2020},
	year      = {2020}
}

@inproceedings{ChenHC20,
	author    = {Yi{-}Ting Chen and
	Hen{-}Hsen Huang and
	Hsin{-}Hsi Chen},
	title     = {{MPDD:} {A} Multi-Party Dialogue Dataset for Analysis of Emotions
	and Interpersonal Relationships},
	publisher = {European Language Resources Association},
	year      = {2020}
}

@book{reis2009encyclopedia,
	title={Encyclopedia of human relationships},
	author={Reis, Harry T and Sprecher, Susan},
	year={2009},
	publisher={Sage Publications}
}

@inproceedings{BudzianowskiWTC18,
	author    = {Pawel Budzianowski and
	Tsung{-}Hsien Wen and
	Bo{-}Hsiang Tseng and
	I{\~{n}}igo Casanueva and
	Stefan Ultes and
	Osman Ramadan and
	Milica Gasic},
	title     = {MultiWOZ - {A} Large-Scale Multi-Domain Wizard-of-Oz Dataset for Task-Oriented
	Dialogue Modelling},
	publisher = {Association for Computational Linguistics},
	year      = {2018}
}

@inproceedings{LiCLGC17,
	author    = {Xiujun Li and
	Yun{-}Nung Chen and
	Lihong Li and
	Jianfeng Gao and
	Asli {\c{C}}elikyilmaz},
	title     = {End-to-End Task-Completion Neural Dialogue Systems},
	booktitle = {Proceedings of the Eighth International Joint Conference on Natural
	Language Processing, {IJCNLP} 2017, Taipei, Taiwan, November 27 -
	December 1, 2017 - Volume 1: Long Papers},
	year      = {2017},
}

@inproceedings{UltesRSVKCBMWGY17,
	author    = {Stefan Ultes and
	Lina Maria Rojas{-}Barahona and
	Pei{-}Hao Su and
	David Vandyke and
	Dongho Kim and
	I{\~{n}}igo Casanueva and
	Pawel Budzianowski and
	Nikola Mrksic and
	Tsung{-}Hsien Wen and
	Milica Gasic and
	Steve J. Young},
	title     = {PyDial: {A} Multi-domain Statistical Dialogue System Toolkit},
	booktitle = {Proceedings of the 55th Annual Meeting of the Association for Computational
	Linguistics, {ACL} 2017, Vancouver, Canada, July 30 - August 4, System
	Demonstrations},
	year      = {2017}
}

@inproceedings{BudzianowskiV19,
	author    = {Pawel Budzianowski and
	Ivan Vulic},
	title     = {Hello, It's {GPT-2} - How Can {I} Help You? Towards the Use of Pretrained
	Language Models for Task-Oriented Dialogue Systems},
	booktitle = {Proceedings of the 3rd Workshop on Neural Generation and Translation@EMNLP-IJCNLP
	2019, Hong Kong, November 4, 2019},
	year      = {2019},
}

@inproceedings{LiuWXF20,
	author    = {Zihan Liu and
	Genta Indra Winata and
	Peng Xu and
	Pascale Fung},
	title     = {Coach: {A} Coarse-to-Fine Approach for Cross-domain Slot Filling},
	booktitle = {Proceedings of the 58th Annual Meeting of the Association for Computational
	Linguistics, {ACL} 2020, Online, July 5-10, 2020},
	year      = {2020},
}
@inproceedings{LiSSLCN17,
	author    = {Yanran Li and
	Hui Su and
	Xiaoyu Shen and
	Wenjie Li and
	Ziqiang Cao and
	Shuzi Niu},
	title     = {DailyDialog: {A} Manually Labelled Multi-turn Dialogue Dataset},
	booktitle = {Proceedings of the Eighth International Joint Conference on Natural
	Language Processing, {IJCNLP} 2017, Taipei, Taiwan, November 27 -
	December 1, 2017 - Volume 1: Long Papers},
	year      = {2017}
}

@inproceedings{PoriaHMNCM19,
	author    = {Soujanya Poria and
	Devamanyu Hazarika and
	Navonil Majumder and
	Gautam Naik and
	Erik Cambria and
	Rada Mihalcea},
	title     = {{MELD:} {A} Multimodal Multi-Party Dataset for Emotion Recognition
	in Conversations},
	booktitle = {Proceedings of the 57th Conference of the Association for Computational
	Linguistics, {ACL} 2019, Florence, Italy, July 28- August 2, 2019,
	Volume 1: Long Papers},
	year      = {2019},
}

@inproceedings{KielaWZDUS18,
	author    = {Saizheng Zhang and
	Emily Dinan and
	Jack Urbanek and
	Arthur Szlam and
	Douwe Kiela and
	Jason Weston},
	title     = {Personalizing Dialogue Agents: {I} have a dog, do you have pets too?},
	booktitle = {Proceedings of the 56th Annual Meeting of the Association for Computational
	Linguistics, {ACL} 2018, Melbourne, Australia, July 15-20, 2018, Volume
	1: Long Papers},
	year      = {2018}
}

@inproceedings{GhosalMPCG19,
	author    = {Deepanway Ghosal and
	Navonil Majumder and
	Soujanya Poria and
	Niyati Chhaya and
	Alexander F. Gelbukh},
	title     = {DialogueGCN: {A} Graph Convolutional Neural Network for Emotion Recognition
	in Conversation},
	booktitle = {Proceedings of the 2019 Conference on Empirical Methods in Natural
	Language Processing and the 9th International Joint Conference on
	Natural Language Processing, {EMNLP-IJCNLP} 2019, Hong Kong, China,
	November 3-7, 2019},
	year      = {2019},
}

@inproceedings{ZhengZHM20,
	author    = {Yinhe Zheng and
	Rongsheng Zhang and
	Minlie Huang and
	Xiaoxi Mao},
	title     = {A Pre-Training Based Personalized Dialogue Generation Model with Persona-Sparse
	Data},
	booktitle = {The Thirty-Fourth {AAAI} Conference on Artificial Intelligence, {AAAI}
	2020, The Thirty-Second Innovative Applications of Artificial Intelligence
	Conference, {IAAI} 2020, The Tenth {AAAI} Symposium on Educational
	Advances in Artificial Intelligence, {EAAI} 2020, New York, NY, USA,
	February 7-12, 2020},
	year      = {2020},
}

@inproceedings{RiedelYM10,
	author    = {Sebastian Riedel and
	Limin Yao and
	Andrew McCallum},
	title     = {Modeling Relations and Their Mentions without Labeled Text},
	booktitle = {Machine Learning and Knowledge Discovery in Databases, European Conference,
	{ECML} {PKDD} 2010, Barcelona, Spain, September 20-24, 2010, Proceedings,
	Part {III}},
	year      = {2010}
}

@inproceedings{HendrickxKKNSPP10,
	author    = {Iris Hendrickx and
	Su Nam Kim and
	Zornitsa Kozareva and
	Preslav Nakov and
	Diarmuid {\'{O}} S{\'{e}}aghdha and
	Sebastian Pad{\'{o}} and
	Marco Pennacchiotti and
	Lorenza Romano and
	Stan Szpakowicz},
	title     = {SemEval-2010 Task 8: Multi-Way Classification of Semantic Relations
	between Pairs of Nominals},
	booktitle = {Proceedings of the 5th International Workshop on Semantic Evaluation,
	SemEval@ACL 2010, Uppsala University, Uppsala, Sweden, July 15-16,
	2010},
	year      = {2010}
}

@inproceedings{SwampillaiS10,
	author    = {Kumutha Swampillai and
	Mark Stevenson},
	title     = {Inter-sentential Relations in Information Extraction Corpora},
	booktitle = {Proceedings of the International Conference on Language Resources
	and Evaluation, {LREC} 2010, 17-23 May 2010, Valletta, Malta},
	year      = {2010},
}

@inproceedings{VergaSM18,
	author    = {Patrick Verga and
	Emma Strubell and
	Andrew McCallum},
	title     = {Simultaneously Self-Attending to All Mentions for Full-Abstract Biological
	Relation Extraction},
	booktitle = {Proceedings of the 2018 Conference of the North American Chapter of
	the Association for Computational Linguistics: Human Language Technologies,
	{NAACL-HLT} 2018, New Orleans, Louisiana, USA, June 1-6, 2018, Volume
	1 (Long Papers)},
	year      = {2018},
}
@inproceedings{QuirkP17,
	author    = {Chris Quirk and
	Hoifung Poon},
	title     = {Distant Supervision for Relation Extraction beyond the Sentence Boundary},
	booktitle = {Proceedings of the 15th Conference of the European Chapter of the
	Association for Computational Linguistics, {EACL} 2017, Valencia,
	Spain, April 3-7, 2017, Volume 1: Long Papers},
	year      = {2017}
}
@article{PengPQTY17,
	author    = {Nanyun Peng and
	Hoifung Poon and
	Chris Quirk and
	Kristina Toutanova and
	Wen{-}tau Yih},
	title     = {Cross-Sentence N-ary Relation Extraction with Graph LSTMs},
	journal   = {Trans. Assoc. Comput. Linguistics},
	year      = {2017}
}

@article{LiSJSWLDMWL16,
	author    = {Jiao Li and
	Yueping Sun and
	Robin J. Johnson and
	Daniela Sciaky and
	Chih{-}Hsuan Wei and
	Robert Leaman and
	Allan Peter Davis and
	Carolyn J. Mattingly and
	Thomas C. Wiegers and
	Zhiyong Lu},
	title     = {BioCreative {V} {CDR} task corpus: a resource for chemical disease
	relation extraction},
	journal   = {Database J. Biol. Databases Curation},
	year      = {2016},
}

@inproceedings{Kim14,
	author    = {Yoon Kim},
	title     = {Convolutional Neural Networks for Sentence Classification},
	booktitle = {Proceedings of the 2014 Conference on Empirical Methods in Natural
	Language Processing, {EMNLP} 2014, October 25-29, 2014, Doha, Qatar,
	{A} meeting of SIGDAT, a Special Interest Group of the {ACL}},
	year      = {2014}
}

@inproceedings{DevlinCLT19,
	author    = {Jacob Devlin and
	Ming{-}Wei Chang and
	Kenton Lee and
	Kristina Toutanova},
	title     = {{BERT:} Pre-training of Deep Bidirectional Transformers for Language
	Understanding},
	booktitle = {Proceedings of the 2019 Conference of the North American Chapter of
	the Association for Computational Linguistics: Human Language Technologies,
	{NAACL-HLT} 2019, Minneapolis, MN, USA, June 2-7, 2019, Volume 1 (Long
	and Short Papers)},
	year      = {2019}
}

@inproceedings{ZhouSTQLHX16,
	author    = {Peng Zhou and
	Wei Shi and
	Jun Tian and
	Zhenyu Qi and
	Bingchen Li and
	Hongwei Hao and
	Bo Xu},
	title     = {Attention-Based Bidirectional Long Short-Term Memory Networks for
	Relation Classification},
	booktitle = {Proceedings of the 54th Annual Meeting of the Association for Computational
	Linguistics, {ACL} 2016, August 7-12, 2016, Berlin, Germany, Volume
	2: Short Papers},
	year      = {2016}
}
@article{argyle1983sources,
	title={Sources of satisfaction and conflict in long-term relationships},
	author={Argyle, Michael and Furnham, Adrian},
	journal={Journal of Marriage and the Family},
	pages={481--493},
	year={1983},
	publisher={JSTOR}
}

@article{argyle1984rules,
	title={The rules of friendship},
	author={Argyle, Michael and Henderson, Monika},
	journal={Journal of social and personal relationships},
	volume={1},
	number={2},
	pages={211--237},
	year={1984},
	publisher={Sage Publications Sage CA: Thousand Oaks, CA}
}
@article{gadde1987stability,
	title={Stability and change in network relationships},
	author={Gadde, Lars-Erik and Mattsson, Lars-Gunnar},
	journal={International journal of research in marketing},
	volume={4},
	number={1},
	pages={29--41},
	year={1987},
	publisher={Elsevier}
}

@inproceedings{SpeerCH17,
	author    = {Robyn Speer and
	Joshua Chin and
	Catherine Havasi},
	title     = {ConceptNet 5.5: An Open Multilingual Graph of General Knowledge},
	booktitle = {Proceedings of the Thirty-First {AAAI} Conference on Artificial Intelligence,
	February 4-9, 2017, San Francisco, California, {USA}},
	year      = {2017}
}

@inproceedings{pennington2014glove,
  author = {Jeffrey Pennington and Richard Socher and Christopher D. Manning},
  booktitle = {Empirical Methods in Natural Language Processing (EMNLP)},
  title = {GloVe: Global Vectors for Word Representation},
  year = {2014},
  pages = {1532--1543},
  url = {http://www.aclweb.org/anthology/D14-1162},
}
