@inproceedings{GehrmannDR18,
  author    = {Sebastian Gehrmann and
               Yuntian Deng and
               Alexander M. Rush},
  title     = {Bottom-Up Abstractive Summarization},
  booktitle = {Proceedings of the 2018 Conference on Empirical Methods in Natural
               Language Processing},
  year      = {2018},
}

@inproceedings{elikyilmazBHC18,
  author    = {Asli {\c{C}}elikyilmaz and
               Antoine Bosselut and
               Xiaodong He and
               Yejin Choi},
  title     = {Deep Communicating Agents for Abstractive Summarization},
  booktitle = {Proceedings of the 2018 Conference of the North American Chapter of
               the Association for Computational Linguistics: Human Language Technologies,
               {NAACL-HLT} 2018},
  year      = {2018},
}

@inproceedings{TanWX17,
  author    = {Jiwei Tan and
               Xiaojun Wan and
               Jianguo Xiao},
  title     = {Abstractive Document Summarization with a Graph-Based Attentional
               Neural Model},
  booktitle = {Proceedings of the 55th Annual Meeting of the Association for Computational
               Linguistics, {ACL} 2017},
  year      = {2017},
}

@inproceedings{ChenZLWJ16,
  author    = {Qian Chen and
               Xiao{-}Dan Zhu and
               Zhen{-}Hua Ling and
               Si Wei and
               Hui Jiang},
  title     = {Distraction-Based Neural Networks for Modeling Document},
  booktitle = {Proceedings of the Twenty-Fifth International Joint Conference on
               Artificial Intelligence, {IJCAI} 2016},
  year      = {2016},
}

@inproceedings{JiangB18,
  author    = {Yichen Jiang and
                 Mohit Bansal},
  title     = {Closed-Book Training to Improve Summarization Encoder Memory},
  booktitle = {Proceedings of the 2018 Conference on Empirical Methods in Natural
              Language Processing},
  year      = {2018},
}

@inproceedings{LinSMS18,
  author    = {Junyang Lin and
               Xu Sun and
               Shuming Ma and
               Qi Su},
  title     = {Global Encoding for Abstractive Summarization},
  booktitle = {Proceedings of the 56th Annual Meeting of the Association for Computational
              Linguistics, {ACL} 2018},
  year      = {2018},
}

@inproceedings{SuzukiN17,
  author    = {Jun Suzuki and
             Masaaki Nagata},
  title     = {Cutting-off Redundant Repeating Generations for Neural Abstractive
            Summarization},
  booktitle = {Proceedings of the 15th Conference of the European Chapter of the
             Association for Computational Linguistics, {EACL} 2017},
  year      = {2017},
}

@inproceedings{OwczarzakCDN12,
  author = {Karolina Owczarzak and
            John M. Conroy and
            Hoa Trang Dang and
            Ani Nenkova},
  title = {An Assessment of the Accuracy of Automatic Evaluation in Summarization},
  booktitle = {Proceedings of Workshop on Evaluation Metrics and System Comparison for Automatic Summarization@NACCL-HLT 2012},
  year = {2012},
}

@inproceedings{ZhouYWZ17,
  author = {Qingyu Zhou and Nan Yang and Furu Wei and Ming Zhou},
  title = {Selective Encoding for Abstractive Sentence Summarization},
  booktitle = {Proceedings of the 55th Annual Meeting of the Association for Computational Linguistics, {ACL} 2017},
  year      = {2017},
}

@inproceedings{LiuLZ18,
  author    = {Yizhu Liu and
               Zhiyi Luo and
               Kenny Q. Zhu},
  title     = {Controlling Length in Abstractive Summarization Using a Convolutional
               Neural Network},
  booktitle = {Proceedings of the 2018 Conference on Empirical Methods in Natural
               Language Processing},
  year      = {2018},
}

@inproceedings{loukina2014automatic,
  title={Automatic evaluation of spoken summaries: the case of language assessment},
  author={Loukina, Anastassia and Zechner, Klaus and Chen, Lei},
  booktitle={Proceedings of the ninth workshop on innovative use of NLP for building educational applications},
  year={2014}
}

@article{albert2017exploring,
  title={Exploring Teacher Forcing Techniques for Sequence-to-Sequence Abstractive Headline Summarization},
  author={Albert, Corbin},
  year={2017},
  publisher={University of Nottingham}
}

@article{bai2018empirical,
  title={An Empirical Evaluation of Generic Convolutional and Recurrent Networks for Sequence Modeling},
  author={Bai, Shaojie and Kolter, J Zico and Koltun, Vladlen},
  journal={arXiv preprint arXiv:1803.01271},
  year={2018}
  }

@article{YaoWX17,
  author    = {Jin{-}ge Yao and
               Xiaojun Wan and
               Jianguo Xiao},
  title     = {Recent advances in document summarization},
  journal   = {Knowl. Inf. Syst.},
  volume    = {53},
  number    = {2},
  pages     = {297--336},
  year      = {2017},
  doi       = {10.1007/s10115-017-1042-4}
}

@InProceedings{gehring2017convs2s,
  author    = {Jonas Gehring and
               Michael Auli and
               David Grangier and
               Denis Yarats and
               Yann N. Dauphin},
  title     = {Convolutional Sequence to Sequence Learning},
  booktitle = {Proceedings of the 34th International Conference on Machine Learning,
               {ICML} 2017, Sydney, NSW, Australia, 6-11 August 2017},
  pages     = {1243--1252},
  year      = {2017}
}

@article{abs-1711-05217,
  author    = {Angela Fan and
               David Grangier and
               Michael Auli},
  title     = "Controllable Abstractive Summarization",
  journal= {arXiv preprint arXiv:1711.05217},
  year      = "2017"
}

@InProceedings{FanGA18,
  author    = {Angela Fan and
               David Grangier and
               Michael Auli},
  title     = {Controllable Abstractive Summarization},
  booktitle = {Proceedings of the 2nd Workshop on Neural Machine Translation and
               Generation, NMT@ACL 2018},
  year      = {2018},
}

@InProceedings{KikuchiNSTO16,
  author    = {Yuta Kikuchi and
               Graham Neubig and
               Ryohei Sasano and
               Hiroya Takamura and
               Manabu Okumura},
  title     = {Controlling Output Length in Neural Encoder-Decoders},
  booktitle = {Proceedings of the 2016 Conference on Empirical Methods in Natural
               Language Processing, {EMNLP} 2016, Austin, Texas, USA, November 1-4,
               2016},
  pages     = {1328--1338},
  year      = {2016}
}

@inproceedings{PaulusXS17,
  author    = {Romain Paulus and
               Caiming Xiong and
               Richard Socher},
  title     = {A Deep Reinforced Model for Abstractive Summarization},
  booktitle = {6th International Conference on Learning Representations, {ICLR} 2018,
               Vancouver, BC, Canada, April 30 - May 3, 2018, Conference Track Proceedings},
  year      = {2018},
}

@InProceedings{SeeLM17,
  author    = {Abigail See and
               Peter J. Liu and
               Christopher D. Manning},
  title     = {Get To The Point: Summarization with Pointer-Generator Networks},
  booktitle = {Proceedings of the 55th Annual Meeting of the Association for Computational
               Linguistics, {ACL} 2017, Vancouver, Canada, July 30 - August 4, Volume
               1: Long Papers},
  pages     = {1073--1083},
  year      = {2017},
}
@InProceedings{NallapatiZSGX16,
  author    = {Ramesh Nallapati and
               Bowen Zhou and
               C{\'{\i}}cero Nogueira dos Santos and
               {\c{C}}aglar G{\"{u}}l{\c{c}}ehre and
               Bing Xiang},
  title     = {Abstractive Text Summarization using Sequence-to-sequence RNNs and
               Beyond},
  booktitle = {Proceedings of the 20th {SIGNLL} Conference on Computational Natural
               Language Learning, CoNLL 2016, Berlin, Germany, August 11-12, 2016},
  pages     = {280--290},
  year      = {2016}
}
@InProceedings{RushCW15,
  author    = {Alexander M. Rush and
               Sumit Chopra and
               Jason Weston},
  title     = {A Neural Attention Model for Abstractive Sentence Summarization},
  booktitle = {Proceedings of the 2015 Conference on Empirical Methods in Natural
               Language Processing, {EMNLP} 2015, Lisbon, Portugal, September 17-21,
               2015},
  pages     = {379--389},
  year      = {2015}
}

@InProceedings{ChopraAR16,
  author    = {Sumit Chopra and
               Michael Auli and
               Alexander M. Rush},
  title     = {Abstractive Sentence Summarization with Attentive Recurrent Neural
               Networks},
  booktitle = {{NAACL} {HLT} 2016, The 2016 Conference of the North American Chapter
               of the Association for Computational Linguistics: Human Language Technologies,
               San Diego California, USA, June 12-17, 2016},
  pages     = {93--98},
  year      = {2016}
}

@InProceedings{HermannKGEKSB15,
  author    = {Karl Moritz Hermann and
               Tom{\'{a}}s Kocisk{\'{y}} and
               Edward Grefenstette and
               Lasse Espeholt and
               Will Kay and
               Mustafa Suleyman and
               Phil Blunsom},
  title     = {Teaching Machines to Read and Comprehend},
  booktitle = {Advances in Neural Information Processing Systems 28: Annual Conference
               on Neural Information Processing Systems 2015, December 7-12, 2015,
               Montreal, Quebec, Canada},
  pages     = {1693--1701},
  year      = {2015}
}

@article{BahdanauCB14,
  author    = {Dzmitry Bahdanau and
               Kyunghyun Cho and
               Yoshua Bengio},
  title     = {Neural Machine Translation by Jointly Learning to Align and Translate},
  journal   = {CoRR},
  volume    = {abs/1409.0473},
  year      = {2014}
}

@InProceedings{SutskeverVL14,
  author    = {Ilya Sutskever and
               Oriol Vinyals and
               Quoc V. Le},
  title     = {Sequence to Sequence Learning with Neural Networks},
  booktitle = {Advances in Neural Information Processing Systems 27: Annual Conference
               on Neural Information Processing Systems 2014, December 8-13 2014,
               Montreal, Quebec, Canada},
  pages     = {3104--3112},
  year      = {2014}
}
@InProceedings{SutskeverMDH13,
  author    = {Ilya Sutskever and
               James Martens and
               George E. Dahl and
               Geoffrey E. Hinton},
  title     = {On the importance of initialization and momentum in deep learning},
  booktitle = {Proceedings of the 30th International Conference on Machine Learning,
               {ICML} 2013, Atlanta, GA, USA, 16-21 June 2013},
  pages     = {1139--1147},
  year      = {2013}
}

@InProceedings{PascanuMB13,
  author    = {Razvan Pascanu and
               Tomas Mikolov and
               Yoshua Bengio},
  title     = {On the difficulty of training recurrent neural networks},
  booktitle = {Proceedings of the 30th International Conference on Machine Learning,
               {ICML} 2013, Atlanta, GA, USA, 16-21 June 2013},
  pages     = {1310--1318},
  year      = {2013}
}

@InProceedings{HeZRS16,
  author    = {Kaiming He and
               Xiangyu Zhang and
               Shaoqing Ren and
               Jian Sun},
  title     = {Deep Residual Learning for Image Recognition},
  booktitle = {2016 {IEEE} Conference on Computer Vision and Pattern Recognition,
               {CVPR} 2016, Las Vegas, NV, USA, June 27-30, 2016},
  pages     = {770--778},
  year      = {2016}
}

@article{rouge-a-package-for-automatic-evaluation-of-summaries,
    title = "{ROUGE}: A Package for Automatic Evaluation of Summaries",
    author = "Lin, Chin-Yew",
    booktitle = "Text Summarization Branches Out",
    month = jul,
    year = "2004",
    address = "Barcelona, Spain",
    publisher = "Association for Computational Linguistics",
    pages = "74--81",
}

@book{Aho:72,
    author  = {Alfred V. Aho and Jeffrey D. Ullman},
    title   = {The Theory of Parsing, Translation and Compiling},
    year    = "1972",
    volume  = "1",
    publisher = {Prentice-Hall},
    address = {Englewood Cliffs, NJ}
}

@InProceedings{CunBDHHHJ89,
  author    = {Yann LeCun and
               Bernhard E. Boser and
               John S. Denker and
               Donnie Henderson and
               Richard E. Howard and
               Wayne E. Hubbard and
               Lawrence D. Jackel},
  title     = {Handwritten Digit Recognition with a Back-Propagation Network},
  booktitle = {Advances in Neural Information Processing Systems 2, {[NIPS} Conference,
               Denver, Colorado, USA, November 27-30, 1989]},
  pages     = {396--404},
  year      = {1989}
}

@InProceedings{DauphinFAG17,
  author    = {Yann N. Dauphin and
               Angela Fan and
               Michael Auli and
               David Grangier},
  title     = {Language Modeling with Gated Convolutional Networks},
  booktitle = {Proceedings of the 34th International Conference on Machine Learning,
               {ICML} 2017, Sydney, NSW, Australia, 6-11 August 2017},
  pages     = {933--941},
  year      = {2017}
}

@inproceedings{Dorr2003HedgeTA,
  title={Hedge Trimmer: A Parse-And-Trim Approach To Headline Generation},
  author={Bonnie J. Dorr and David M. Zajic and Richard M. Schwartz},
  year={2003}
}

@article{DBLP:journals/corr/NallapatiZZ16,
  author    = {Ramesh Nallapati and
               Feifei Zhai and
               Bowen Zhou},
  title     = {SummaRuNNer: {A} Recurrent Neural Network based Sequence Model for
               Extractive Summarization of Documents},
  journal   = {CoRR},
  year      = {2016},
}

@InProceedings{D18-1205,
  author = 	"Li, Wei
		and Xiao, Xinyan
		and Lyu, Yajuan
		and Wang, Yuanzhuo",
  title = 	"Improving Neural Abstractive Document Summarization with Explicit Information Selection Modeling",
  booktitle = 	"Proceedings of the 2018 Conference on Empirical Methods in Natural Language Processing",
  year = 	"2018",
}

@InProceedings{D18-1441,
  author = 	"Li, Wei
		and Xiao, Xinyan
		and Lyu, Yajuan
		and Wang, Yuanzhuo",
  title = 	"Improving Neural Abstractive Document Summarization with Structural Regularization",
  booktitle = 	"Proceedings of the 2018 Conference on Empirical Methods in Natural Language Processing",
  year = 	"2018",
}


@InProceedings{P18-2027,
  author = 	"Lin, Junyang
		and SUN, Xu
		and Ma, Shuming
		and Su, Qi",
  title = 	"Global Encoding for Abstractive Summarization",
  booktitle = 	"Proceedings of the 56th Annual Meeting of the Association for Computational Linguistics ",
  year = 	"2018",
}

@InProceedings{E17-2047,
  author = 	"Suzuki, Jun
		and Nagata, Masaaki",
  title = 	"Cutting-off Redundant Repeating Generations for Neural Abstractive Summarization",
  booktitle = 	"Proceedings of the 15th Conference of the European Chapter of the Association for Computational Linguistics",
  year = 	"2017",
}

@InProceedings{D18-1440,
  author = 	"Jiang, Yichen
		and Bansal, Mohit",
  title = 	"Closed-Book Training to Improve Summarization Encoder Memory",
  booktitle = 	"Proceedings of the 2018 Conference on Empirical Methods in Natural Language Processing",
  year = 	"2018",
}

@InProceedings{P18-1063,
  author = 	{Yen{-}Chun Chen and
		     Mohit Bansal},
  title = 	"Fast Abstractive Summarization with Reinforce-Selected Sentence Rewriting",
  booktitle = 	"Proceedings of the 56th Annual Meeting of the Association for Computational Linguistics ",
  year = 	"2018",
}

@inproceedings{briscoe1996,
  title={The syntax and semantics of punctuation and its use in interpretation},
  author={Briscoe, Ted},
  booktitle={Proceedings of the Association for Computational Linguistics Workshop on Punctuation},
  year={1996}
}

@inproceedings{Kim19,
  author    = {Seokhwan Kim},
  title     = {Deep Recurrent Neural Networks with Layer-wise Multi-head Attentions
               for Punctuation Restoration},
  booktitle = {{IEEE} International Conference on Acoustics, Speech and Signal Processing,
               {ICASSP} 2019, Brighton, United Kingdom, May 12-17, 2019},
  year      = {2019},
}

@article{LiWE19,
  author    = {Xiang Lisa Li and
               Dingquan Wang and
               Jason Eisner},
  title     = {A Generative Model for Punctuation in Dependency Trees},
  journal   = {{TACL}},
  year      = {2019},
}

@inproceedings{KourisAS19,
  author    = {Panagiotis Kouris and
               Georgios Alexandridis and
               Andreas Stafylopatis},
  title     = {Abstractive Text Summarization Based on Deep Learning and Semantic
               Content Generalization},
  booktitle = {Proceedings of the 57th Conference of the Association for Computational
               Linguistics, {ACL} 2019, Florence, Italy, July 28- August 2, 2019,
               Volume 1: Long Papers},
  pages     = {5082--5092},
  year      = {2019},
}

@book{APA:83,
    author  = {{American Psychological Association}},
    title   = {Publications Manual},
    year    = "1983",
   publisher = {American Psychological Association},
   address = {Washington, DC}
}

@article{ACM:83,
	year = "1983",
	author = {{Association for Computing Machinery}},
	journal = {Computing Reviews},
	volume = "24",
	number = "11",
	pages = "503--512"
}

@article{Chandra:81,
	author = {Ashok K. Chandra and Dexter C. Kozen and Larry J. Stockmeyer},
	year = "1981",
	title = {Alternation},
	journal = {Journal of the Association for Computing Machinery},
	volume = "28",
	number = "1",
	pages = "114--133",
	doi = "10.1145/322234.322243"
}

@book{Gusfield:97,
    author  = {Dan Gusfield},
    title   = {Algorithms on Strings, Trees and Sequences},
    year    = "1997",
    publisher = {Cambridge University Press},
    address = {Cambridge, UK}
}

@inproceedings{LiuL19,
  author    = {Yang Liu and
               Mirella Lapata},
  title     = {Hierarchical Transformers for Multi-Document Summarization},
  booktitle = {Proceedings of the 57th Conference of the Association for Computational
               Linguistics, {ACL} 2019, Florence, Italy, July 28- August 2, 2019,
               Volume 1: Long Papers},
  pages     = {5070--5081},
  year      = {2019},
}

@inproceedings{ZhangWZ19,
  author    = {Xingxing Zhang and
               Furu Wei and
               Ming Zhou},
  title     = {{HIBERT:} Document Level Pre-training of Hierarchical Bidirectional
               Transformers for Document Summarization},
  booktitle = {Proceedings of the 57th Conference of the Association for Computational
               Linguistics, {ACL} 2019, Florence, Italy, July 28- August 2, 2019,
               Volume 1: Long Papers},
  pages     = {5059--5069},
  year      = {2019},
}

@inproceedings{HardyV18,
  author    = {Hardy and
               Andreas Vlachos},
  title     = {Guided Neural Language Generation for Abstractive Summarization using
               Abstract Meaning Representation},
  booktitle = {Proceedings of the 2018 Conference on Empirical Methods in Natural
               Language Processing, Brussels, Belgium, October 31 - November 4, 2018},
  pages     = {768--773},
  year      = {2018},
}

@article{AllahyariPASTGK17,
  author    = {Mehdi Allahyari and
               Seyed Amin Pouriyeh and
               Mehdi Assefi and
               Saeid Safaei and
               Elizabeth D. Trippe and
               Juan B. Gutierrez and
               Krys Kochut},
  title     = {Text Summarization Techniques: {A} Brief Survey},
  journal   = {CoRR},
  volume    = {abs/1707.02268},
  year      = {2017},
  archivePrefix = {arXiv},
}

@inproceedings{WangQW19,
  author    = {Kai Wang and
               Xiaojun Quan and
               Rui Wang},
  title     = {BiSET: Bi-directional Selective Encoding with Template for Abstractive
               Summarization},
  booktitle = {Proceedings of the 57th Conference of the Association for Computational
               Linguistics, {ACL} 2019, Florence, Italy, July 28- August 2, 2019,
               Volume 1: Long Papers},
  pages     = {2153--2162},
  year      = {2019},
}

@inproceedings{CareniniC08,
  author    = {Giuseppe Carenini and
               Jackie Chi Kit Cheung},
  title     = {Extractive vs. NLG-based Abstractive Summarization of Evaluative Text:
               The Effect of Corpus Controversiality},
  booktitle = {{INLG} 2008 - Proceedings of the Fifth International Natural Language
               Generation Conference, June 12-14, 2008, Salt Fork, Ohio, {USA}},
  year      = {2008},
}

@inproceedings{BingLLLGP15,
  author    = {Lidong Bing and
               Piji Li and
               Yi Liao and
               Wai Lam and
               Weiwei Guo and
               Rebecca J. Passonneau},
  title     = {Abstractive Multi-Document Summarization via Phrase Selection and
               Merging},
  booktitle = {Proceedings of the 53rd Annual Meeting of the Association for Computational
               Linguistics and the 7th International Joint Conference on Natural
               Language Processing of the Asian Federation of Natural Language Processing,
               {ACL} 2015, July 26-31, 2015, Beijing, China, Volume 1: Long Papers},
  pages     = {1587--1597},
  year      = {2015},
}

@inproceedings{LiHZ16,
  author    = {Wei Li and
               Lei He and
               Hai Zhuge},
  title     = {Abstractive News Summarization based on Event Semantic Link Network},
  booktitle = {{COLING} 2016, 26th International Conference on Computational Linguistics,
               Proceedings of the Conference: Technical Papers, December 11-16, 2016,
               Osaka, Japan},
  pages     = {236--246},
  year      = {2016},
}

@inproceedings{PallottaDB09,
  author    = {Vincenzo Pallotta and
               Rodolfo Delmonte and
               Antonella Bristot},
  title     = {Abstractive Summarization of Voice Communications},
  booktitle = {Human Language Technology. Challenges for Computer Science and Linguistics
               - 4th Language and Technology Conference, {LTC} 2009, Poznan, Poland,
               November 6-8, 2009, Revised Selected Papers},
  pages     = {291--302},
  year      = {2009},
}

@article{MohamedO19,
  author    = {Muhidin A. Mohamed and
               Mourad Oussalah},
  title     = {SRL-ESA-TextSum: {A} text summarization approach based on semantic
               role labeling and explicit semantic analysis},
  journal   = {Inf. Process. Manage.},
  volume    = {56},
  number    = {4},
  pages     = {1356--1372},
  year      = {2019},
}

@article{LierdeC19,
  author    = {Hadrien Van Lierde and
               Tommy W. S. Chow},
  title     = {Query-oriented text summarization based on hypergraph transversals},
  journal   = {Inf. Process. Manage.},
  volume    = {56},
  number    = {4},
  pages     = {1317--1338},
  year      = {2019},
}

@article{NguyenCNN19,
  author    = {Minh{-}Tien Nguyen and
               Tran Viet Cuong and
               Xuan Hoai Nguyen and
               Le{-}Minh Nguyen},
  title     = {Web document summarization by exploiting social context with matrix
               co-factorization},
  journal   = {Inf. Process. Manage.},
  volume    = {56},
  number    = {3},
  pages     = {495--515},
  year      = {2019},
}

@article{SankarasubramaniamRG14,
  author    = {Yogesh Sankarasubramaniam and
               Krishnan Ramanathan and
               Subhankar Ghosh},
  title     = {Text summarization using Wikipedia},
  journal   = {Inf. Process. Manage.},
  volume    = {50},
  number    = {3},
  pages     = {443--461},
  year      = {2014},
}


@inproceedings{AmplayoLH18,
  author    = {Reinald Kim Amplayo and
               Seonjae Lim and
               Seung{-}won Hwang},
  title     = {Entity Commonsense Representation for Neural Abstractive Summarization},
  booktitle = {Proceedings of the 2018 Conference of the North American Chapter of
               the Association for Computational Linguistics: Human Language Technologies,
               {NAACL-HLT} 2018, New Orleans, Louisiana, USA, June 1-6, 2018, Volume
               1 (Long Papers)},
  pages     = {697--707},
  year      = {2018},
}

@article{beamsearch,
  author    = {Andr{\'{e}} Cibils and
               Claudiu Musat and
               Andreea Hossmann and
               Michael Baeriswyl},
  title     = {Diverse Beam Search for Increased Novelty in Abstractive Summarization},
  journal   = {CoRR},
  volume    = {abs/1802.01457},
  year      = {2018},
}

@article{RadevHM02,
  author    = {Dragomir R. Radev and
               Eduard H. Hovy and
               Kathleen R. McKeown},
  title     = {Introduction to the Special Issue on Summarization},
  journal   = {Computational Linguistics},
  volume    = {28},
  number    = {4},
  pages     = {399--408},
  year      = {2002},
}

@article{Tian18,
  author    = {Tian Shi and
               Yaser Keneshloo and
               Naren Ramakrishnan and
               Chandan K. Reddy},
  title     = {Neural Abstractive Text Summarization with Sequence-to-Sequence Models},
  journal   = {CoRR},
  volume    = {abs/1812.02303},
  year      = {2018},
}

@article{VermaL17,
  author    = {Rakesh M. Verma and
               Daniel Lee},
  title     = {Extractive Summarization: Limits, Compression, Generalized Model and
               Heuristics},
  journal   = {Computaci{\'{o}}n y Sistemas},
  volume    = {21},
  number    = {4},
  year      = {2017},
}

@article{BokaeiSL16,
  author    = {Mohammad Hadi Bokaei and
               Hossein Sameti and
               Yang Liu},
  title     = {Extractive summarization of multi-party meetings through discourse
               segmentation},
  journal   = {Nat. Lang. Eng.},
  volume    = {22},
  number    = {1},
  pages     = {41--72},
  year      = {2016},
}

@article{NaserasadiKS19,
  author    = {Ali Naserasadi and
               Hamid Khosravi and
               Faramarz Sadeghi},
  title     = {Extractive multi-document summarization based on textual entailment
               and sentence compression via knapsack problem},
  journal   = {Nat. Lang. Eng.},
  volume    = {25},
  number    = {1},
  pages     = {121--146},
  year      = {2019},
}

@inproceedings{ZhongLWQH19,
  author    = {Ming Zhong and
               Pengfei Liu and
               Danqing Wang and
               Xipeng Qiu and
               Xuanjing Huang},
  title     = {Searching for Effective Neural Extractive Summarization: What Works
               and What's Next},
  booktitle = {Proceedings of the 57th Conference of the Association for Computational
               Linguistics, {ACL} 2019, Florence, Italy, July 28- August 2, 2019,
               Volume 1: Long Papers},
  pages     = {1049--1058},
  year      = {2019},
}

@inproceedings{SharmaHHW19,
  author    = {Eva Sharma and
               Luyang Huang and
               Zhe Hu and
               Lu Wang},
  title     = {An Entity-Driven Framework for Abstractive Summarization},
  booktitle = {Proceedings of the 2019 Conference on Empirical Methods in Natural
               Language Processing and the 9th International Joint Conference on
               Natural Language Processing, {EMNLP-IJCNLP} 2019, Hong Kong, China,
               November 3-7, 2019},
  pages     = {3278--3289},
  year      = {2019},
}

@article{SanghwanB19,
  author    = {Sanghwan Bae and
               Taeuk Kim and
               Jihoon Kim and
               Sang{-}goo Lee},
  title     = {Summary Level Training of Sentence Rewriting for Abstractive Summarization},
  journal   = {CoRR},
  volume    = {abs/1909.08752},
  year      = {2019},
}

@inproceedings{Zhang2019AbstractTS,
author = {Zhang, Yong and Li, Dan and Wang, Yuheng and Fang, Yang and Xiao, Weidong},
year = {2019},
month = {04},
pages = {1665},
title = {Abstract Text Summarization with a Convolutional Seq2seq Model},
volume = {9},
journal = {Applied Sciences},
}
