% This file was created with JabRef 2.11.1.
% Encoding: GBK


@Conference{3review03,
  Title                    = {Your neighbors affect your ratings: on geographical neighborhood influence to rating prediction},
  Author                   = {Longke Hu and Aixin Sun and Yong Liu},
  Booktitle                = {ACM SIGIR},
  Year                     = {2014},
  Pages                    = {345-354}
}

@Conference{ref09,
  Title                    = {Yahoo! music recommendations: modeling music ratings with temporal dynamics and item taxonomy},
  Author                   = {Noam Koenigstein and Gideon Dror and Yehuda Koren},
  Booktitle                = {RecSys '11},
  Year                     = {2011},
  Pages                    = {165-172},
  Owner                    = {dingyue},
  Timestamp                = {2015.06.04}
}

@Conference{ref23,
  Title                    = {Window-based Tensor Analysis on High-dimensional and Multi-aspect Streams},
  Author                   = {Jimeng Sun and Spiros Papadimitriou and Philip S. Yu},
  Booktitle                = {ICDM '06},
  Year                     = {2006},
  Pages                    = {1076 - 1080},
  Owner                    = {dingyue},
  Timestamp                = {2015.06.04}
}

@Conference{3review01,
  Title                    = {We Know What You Want to Buy: A Demographic-based System for Product Recommendation on Microblogs},
  Author                   = {Xin Wayne Zhao and Yanwei Guo and Yulan He and Han Jiang and Yuexin Wu and Xiaoming Li},
  Booktitle                = {ACM SIGKDD},
  Year                     = {2014},
  Pages                    = {1935-1944}
}

@Article{3review06,
  Title                    = {User-Service Rating Prediction by Exploring Social Users' Rating Behaviors},
  Author                   = {Guoshuai Zhao and Xueming Qian and Xing Xie},
  Journal                  = {IEEE Transactions on Multimedia},
  Year                     = {2016},
  Number                   = {3},
  Pages                    = {496 - 506},
  Volume                   = {18}
}

@Article{ref20,
  Title                    = {Tucker Dimensionality Reduction of Three-Dimensional Arrays in Linear Time},
  Author                   = {I. V. Oseledets and D. V. Savostianov and E. E. Tyrtyshnikov},
  Journal                  = {SIAM Journal on Matrix Analysis and Applications},
  Year                     = {2008},
  Month                    = {September},
  Number                   = {3},
  Pages                    = {939-956},
  Volume                   = {30},
  Owner                    = {dingyue},
  Timestamp                = {2015.06.04}
}

@Conference{ref12,
  Title                    = {Time weight collaborative filtering},
  Author                   = {Yi Ding and Xue Li},
  Booktitle                = {CIKM '05},
  Year                     = {2005},
  Pages                    = {485-492},
  Owner                    = {dingyue},
  Timestamp                = {2015.06.04}
}

@Article{ref19,
  Title                    = {Tensor Decompositions and Applications},
  Author                   = {Tamara G. Kolda and Brett W. Bader},
  Journal                  = {SIAM review},
  Year                     = {2009},
  Number                   = {3},
  Pages                    = {455-500},
  Volume                   = {51},
  Owner                    = {dingyue},
  Timestamp                = {2015.06.04}
}

@Conference{ref03,
  Title                    = {Temporal Recommendation on Graphs via Long- and Short-term Preference Fusion},
  Author                   = {Liang Xiang and Quan Yuan and Shiwan Zhao and Li Chen and Xiatian Zhang and Qing Yang and Jimeng Sun},
  Booktitle                = {KDD '10},
  Year                     = {2010},
  Pages                    = {723-732},
  Owner                    = {dingyue},
  Timestamp                = {2015.06.03}
}

@Conference{ref10,
  Title                    = {Temporal Dynamics of User Interests in Tagging Systems},
  Author                   = {Dawei Yin and Liangjie Hong and Zhenzhen Xue and Brian D. Davison},
  Booktitle                = {AAAI},
  Year                     = {2011},
  Pages                    = {1279-1285},
  Owner                    = {dingyue},
  Timestamp                = {2015.06.03}
}

@Conference{BPTF,
  Title                    = {Temporal Collaborative Filtering with Bayesian Probabilistic Tensor Factorization},
  Author                   = {Liang Xiong and Xi Chen and Tzu-Kuo Huang and Jeff Schneider and Jaime G. Carbonell},
  Booktitle                = {SIAM},
  Year                     = {2010}
}

@Conference{Liang2010SIAMTemporalColleborative,
  Title                    = {Temporal Collaborative Filtering with Bayesian Probabilistic Tensor Factorization},
  Author                   = {Liang Xiong and Xi Chen and Tzu-Kuo Huang and Jeff Schneider and Jaime G. Carbonell},
  Booktitle                = {Proceedings of the 2010 SIAM International Conference on Data Mining},
  Year                     = {2010}
}

@Conference{ref26SLIM,
  Title                    = {SLIM: Sparse Linear Methods for Top-N Recommender Systems},
  Author                   = {Xia Ning and George Karypis},
  Booktitle                = {ICDM},
  Year                     = {2011},
  Owner                    = {dingyue},
  Timestamp                = {2016.01.10}
}

@Article{3review07,
  Title                    = {Service Rating Prediction by Exploring Social Mobile Users¡¯ Geographic Locations},
  Author                   = {Guoshuai Zhao and Xueming Qian and Chen Kang},
  Journal                  = {IEEE Transactions on Big Data},
  Year                     = {2016}
}

@Conference{3review10,
  Title                    = {Schedule a Rich Sentimental Travel via Sentimental POI Mining and Recommendation},
  Author                   = {Peiliang Lou and Guoshuai Zhao and Xueming Qian and Huan Wang and Xinsong Hou},
  Booktitle                = {BigMM},
  Year                     = {2016}
}

@Article{3review08,
  Title                    = {Recommendations in location-based social networks: a survey},
  Author                   = {Jie Bao and Yu Zheng and David Wilkie and Mohamed Mokbel},
  Journal                  = {GeoInformatica},
  Year                     = {2015}
}

@Conference{3review04,
  Title                    = {Real Time Recommendations from Connoisseurs},
  Author                   = {Noriaki Kawamae},
  Booktitle                = {ACM SIGKDD},
  Year                     = {2015},
  Pages                    = {537-546}
}

@Conference{ref02,
  Title                    = {Probabilistic matrix factorization},
  Author                   = {Ruslan Salakhutdinov and Andriy Mnih},
  Booktitle                = {NIPS},
  Year                     = {2011},
  Owner                    = {dingyue},
  Timestamp                = {2015.06.04}
}

@Article{3review09,
  Title                    = {Personalized Travel Sequence Recommendation on Multi-Source Big Social Media},
  Author                   = {Shuhui Jiang and Xueming Qian and Tao Mei and Yun Fu},
  Journal                  = {IEEE Transactions on Big Data},
  Year                     = {2016},
  Number                   = {1},
  Pages                    = {43 - 56},
  Volume                   = {2}
}

@Article{ref08,
  Title                    = {Personalized Recommendation Combining User Interest and Social Circle},
  Author                   = {Xueming Qian and He Feng and Guoshuai Zhao and Tao Mei},
  Journal                  = {IEEE Trans. Knowl. Data Eng.},
  Year                     = {2014},
  Pages                    = {1763-1777},
  Volume                   = {26},
  Owner                    = {dingyue},
  Timestamp                = {2015.06.04}
}

@Conference{ref29,
  Title                    = {Performance of Recommender Algorithms on Top-N Recommendation Tasks},
  Author                   = {Paolo Cremonesi and Yehuda Koren and Roberto Turrin},
  Booktitle                = {RecSys},
  Year                     = {2010},
  Owner                    = {dingyue},
  Timestamp                = {2016.03.28}
}

@Conference{ref07,
  Title                    = {Multi-value probabilistic matrix factorization for IP-TV recommendation},
  Author                   = {Yu Xin and Harald Steck},
  Booktitle                = {RecSys '11},
  Year                     = {2011},
  Pages                    = {221-228},
  Owner                    = {dingyue},
  Timestamp                = {2015.06.03}
}

@Conference{ref24,
  Title                    = {Multilinear subspace analysis of image ensembles},
  Author                   = {M.A.O. Vasilescu and D.Terzopoulos},
  Booktitle                = {IEEE Computer Society Conference on Computer Vision and Pattern Recognition},
  Year                     = {2003},
  Pages                    = {II - 93-9 vol.2},
  Owner                    = {dingyue},
  Timestamp                = {2015.06.04}
}

@Article{ref05,
  Title                    = {Matrix Factorization Techniques For Recommender Systems},
  Author                   = {Yehuda Koren and Robert Bell and Chris Volinsky},
  Journal                  = {Computer},
  Year                     = {2009},
  Pages                    = {30-37},
  Volume                   = {42},
  Owner                    = {dingyue},
  Timestamp                = {2015.06.04}
}

@Conference{ref28LorSlim,
  Title                    = {LorSLIM: Low Rank Sparse Linear Methods for Top-N Recommendations},
  Author                   = {Yao Cheng and Li'ang Yin and Yong Yu},
  Booktitle                = {ICDM},
  Year                     = {2014},
  Owner                    = {dingyue},
  Timestamp                = {2016.01.10}
}

@Conference{ref17,
  Title                    = {Location-Based Recommendation System Using Bayesian User's Preference Model in Mobile Devices},
  Author                   = {Moon-Hee Park and Jin-Hyuk Hong and Sung-Bae Cho},
  Booktitle                = {Ubiquitous Intelligence and Computing},
  Year                     = {2007},
  Pages                    = {1130-1139},
  Owner                    = {dingyue},
  Timestamp                = {2015.06.04}
}

@Article{HongzhiTOIS2014LCARS,
  Title                    = {LCARS: A Spatial Item Recommender System},
  Author                   = {Hongzhi Yin and Bin Cui and Yizhou Sun and Zhiting Hu and Ling Chen},
  Journal                  = {ACM Transactions on Information Systems (TOIS)},
  Year                     = {2014},
  Month                    = {6},
  Number                   = {11},
  Volume                   = {32}
}

@Conference{ref18,
  Title                    = {LCARS: a location-content-aware recommender system},
  Author                   = {Hongzhi Yin and Yizhou Sun and Bin Cui and Zhiting Hu and Ling Chen},
  Booktitle                = {ACM SIGKDD},
  Year                     = {2013},
  Pages                    = {221-229},
  Owner                    = {dingyue},
  Timestamp                = {2015.06.03}
}

@Conference{3review02,
  Title                    = {Large-Scale Distributed Bayesian Matrix Factorization using Stochastic Gradient MCMC},
  Author                   = {Sungjin Ahn and Anoop Korattikara and Nathan Liu and Suju Rajan and Max Welling},
  Booktitle                = {ACM SIGKDD},
  Year                     = {2015},
  Pages                    = {9-18}
}

@Conference{HongzhiACMMM2015Joint,
  Title                    = {Joint Modeling of Users¡¯ Interests and Mobility Patterns for Point-of-Interest Recommendation},
  Author                   = {Hongzhi Yin and Bin Cui and Zi Huang and Weiqing Wang and Xian Wu and Xiaofang Zhou},
  Booktitle                = {ACM MM},
  Year                     = {2015},
  Pages                    = {819-822}
}

@Article{HongzhiTOIS2016Joint,
  Title                    = {Joint Modeling of User Check-in Behaviors for Real-time Point-of-Interest Recommendation},
  Author                   = {Hongzhi Yin and Bin Cui and Xiaofang Zhou and Weiqing Wang and Zi Huang and Shazia Sadiq},
  Journal                  = {ACM Transaction on Information Systems(TOIS)},
  Year                     = {2016}
}

@Conference{HongzhiCIKM2015Joint,
  Title                    = {Joint Modeling of User Check-in Behaviors for Point-of-Interest Recommendation},
  Author                   = {Hongzhi Yin and Xiaofang Zhou and Yingxia Shao and Hao Wang and Shazia Sadiq},
  Booktitle                = {Proceedings of the 24th ACM International on Conference on Information and Knowledge Management},
  Year                     = {2015},
  Pages                    = {1631-1640}
}

@Conference{ref22,
  Title                    = {Higher-order Web link analysis using multilinear algebra},
  Author                   = {T.G. Kolda and B.W.  Bader and J.P. Kenny},
  Booktitle                = {Fifth IEEE International Conference on Data Mining},
  Year                     = {2005},
  Owner                    = {dingyue},
  Timestamp                = {2015.06.04}
}

@Conference{ref14,
  Title                    = {GraphScope: parameter-free mining of large time-evolving graphs},
  Author                   = {Jimeng Sun and Christos Faloutsos and Spiros Papadimitriou and Philip S. Yu},
  Booktitle                = {KDD '07},
  Year                     = {2007},
  Pages                    = {687-696},
  Owner                    = {dingyue},
  Timestamp                = {2015.06.04}
}

@Conference{WeiqingKDD2015Geo,
  Title                    = {Geo-SAGE: A Geographical Sparse Additive Generative Model for Spatial Item Recommendation},
  Author                   = {Weiqing Wangand Hongzhi Yin and Ling Chen and Yizhou Sun and Shazia Sadiq and Xiaofang Zhou},
  Booktitle                = {ACM SIGKDD},
  Year                     = {2015},
  Pages                    = {1255-1264}
}

@Conference{ref06,
  Title                    = {Generalizing matrix factorization through flexible regression priors},
  Author                   = {Liang Zhang and Deepak Agarwal and Bee-Chung Chen},
  Booktitle                = {RecSys '11},
  Year                     = {2011},
  Pages                    = {13-20},
  Owner                    = {dingyue},
  Timestamp                = {2015.06.03}
}

@Conference{ref27FISM,
  Title                    = {FISM: Factored Item Similarity Models for Top-N Recommender Systems},
  Author                   = {Santosh Kabbur and Xia Ning and George Karypis},
  Booktitle                = {19th ACM SIGKDD Conference on Knowledge Discovery and Data Mining (KDD)},
  Year                     = {2013},
  Owner                    = {dingyue},
  Timestamp                = {2016.01.10}
}

@Conference{ref11,
  Title                    = {Collaborative location and activity recommendations with GPS history data},
  Author                   = {Vincent W. Zheng and Yu Zheng and Xing Xie and Qiang Yang},
  Booktitle                = {WWW¡®10},
  Year                     = {2010},
  Pages                    = {1029-1038},
  Owner                    = {dingyue},
  Timestamp                = {2015.06.03}
}

@Conference{ref01,
  Title                    = {Collaborative filtering with temporal dynamics},
  Author                   = {Yehuda Koren},
  Booktitle                = {Communications of the ACM},
  Year                     = {2010},
  Number                   = {4},
  Pages                    = {89-97},
  Volume                   = {53},
  Owner                    = {dingyue},
  Timestamp                = {2015.06.04}
}

@Conference{3review05,
  Title                    = {Collaborative Deep Learning for Recommender Systems},
  Author                   = {Hao Wang and Naiyan Wang and Dit-Yan Yeung},
  Booktitle                = {ACM SIGKDD},
  Year                     = {2015},
  Pages                    = {1235-1244}
}

@Conference{ref16,
  Title                    = {CityVoyager: An Outdoor Recommendation System Based on User Location History},
  Author                   = {Yuichiro Takeuchi and Masanori Sugimoto},
  Booktitle                = {Ubiquitous Intelligence and Computing},
  Year                     = {2006},
  Pages                    = {625-636},
  Owner                    = {dingyue},
  Timestamp                = {2015.06.04}
}

@Article{Yin2012VLDBChallengingTheLongTail,
  Title                    = {Challenging the long tail recommendation},
  Author                   = {Hongzhi Yin and Bin Cui and Jing Li and Junjie Yao and Chen Chen},
  Journal                  = {VLDB Journal},
  Year                     = {2012},
  Month                    = {5},
  Number                   = {9},
  Pages                    = {896-907},
  Volume                   = {5}
}

@Conference{ref25bpr,
  Title                    = {BPR: Bayesian personalized ranking from implicit feedback},
  Author                   = {Steffen Rendle and Christoph Freudenthaler and Zeno Gantner and Lars Schmidt-Thieme},
  Booktitle                = {UAI '09 Proceedings of the Twenty-Fifth Conference on Uncertainty in Artificial Intelligence.
pp. 452-461},
  Year                     = {2009},
  Owner                    = {dingyue},
  Timestamp                = {2016.01.10}
}

@Conference{ref15,
  Title                    = {Beyond streams and graphs: dynamic tensor analysis},
  Author                   = {Jimeng Sun and Dacheng Tao and Christos Faloutsos},
  Booktitle                = {KDD '06},
  Year                     = {2006},
  Pages                    = {374-383},
  Owner                    = {dingyue},
  Timestamp                = {2015.06.04}
}

@Article{3review11,
  Title                    = {Author Topic Model-Based Collaborative Filtering for Personalized POI Recommendations},
  Author                   = {Shuhui Jiang and Xueming Qian and Jialie Shen and Yun Fu and Tao Mei},
  Journal                  = {IEEE Transactions on Multimedia},
  Year                     = {2015},
  Number                   = {6},
  Pages                    = {907 - 918},
  Volume                   = {17}
}

@Conference{ref21,
  Title                    = {A PARAFAC decomposition based algorithm for blind MIMO source separation},
  Author                   = {R¨¦mi Dubroca  and Christophe De Luigi and Eric Moreau},
  Booktitle                = {3rd IEEE International Workshop on Computational Advances in Multi-Sensor Adaptive Processing (CAMSAP)},
  Year                     = {2009},
  Pages                    = {93 - 96},
  Owner                    = {dingyue},
  Timestamp                = {2015.06.04}
}

@Conference{ref13,
  Title                    = {A matrix factorization technique with trust propagation for recommendation in social networks},
  Author                   = {Mohsen Jamali and Martin Ester},
  Booktitle                = {RecSys '10},
  Year                     = {2010},
  Pages                    = {135-142},
  Owner                    = {dingyue},
  Timestamp                = {2015.06.04}
}

@Conference{ref04,
  Title                    = {A framework for matrix factorization based on general distributions},
  Author                   = {Josef Bauer and Alexandros Nanopoulos},
  Booktitle                = {RecSys '14},
  Year                     = {2014},
  Pages                    = {249-256},
  Owner                    = {dingyue},
  Timestamp                = {2015.06.04}
}

@Article{nonnegativeTucker,
  Title                    = {A Block Coordinate Descent Method for Regularized Multiconvex Optimization with Applications to Nonnegative Tensor Factorization and Completion},
  Author                   = {Yangyang Xu and Wotao Yin},
  Journal                  = {SIAM Journal on Imaging Sciences},
  Year                     = {2013},
  Number                   = {3},
  Pages                    = {1758¨C1789},
  Volume                   = {6}
}

