@inproceedings{ML-LJP,
author = {Liu, Yifei and Wu, Yiquan and Zhang, Yating and Sun, Changlong and Lu, Weiming and Wu, Fei and Kuang, Kun},
title = {ML-LJP: Multi-Law Aware Legal Judgment Prediction},
year = {2023},
isbn = {9781450394086},
url = {https://doi.org/10.1145/3539618.3591731},
doi = {10.1145/3539618.3591731},
booktitle = {Proceedings of the 46th International ACM SIGIR Conference on Research and Development in Information Retrieval},
pages = {1023–1034},
numpages = {12},
}

@inproceedings{kim-2014-convolutional,
    title = "Convolutional Neural Networks for Sentence Classification",
    author = "Kim, Yoon",
    booktitle = "Proceedings of the 2014 Conference on Empirical Methods in Natural Language Processing ({EMNLP})",
    year = "2014",
    publisher = "Association for Computational Linguistics",
    url = "https://aclanthology.org/D14-1181",
    doi = "10.3115/v1/D14-1181",
    pages = "1746--1751",
}

@inproceedings{devlin-etal-2019-bert,
    title = "{BERT}: Pre-training of Deep Bidirectional Transformers for Language Understanding",
    author = "Devlin, Jacob  and
      Chang, Ming-Wei  and
      Lee, Kenton  and
      Toutanova, Kristina",
    booktitle = "Proceedings of the 2019 Conference of the North {A}merican Chapter of the Association for Computational Linguistics: Human Language Technologies, Volume 1 (Long and Short Papers)",
    year = "2019",
    url = "https://aclanthology.org/N19-1423",
    doi = "10.18653/v1/N19-1423",
    pages = "4171--4186",
}

@inproceedings{DBLP:conf/iclr/ClarkLLM20,
  author       = {Kevin Clark and
                  Minh{-}Thang Luong and
                  Quoc V. Le and
                  Christopher D. Manning},
  title        = {{ELECTRA:} Pre-training Text Encoders as Discriminators Rather Than
                  Generators},
  booktitle    = {8th International Conference on Learning Representations, {ICLR}},
  year         = {2020},
  url          = {https://openreview.net/forum?id=r1xMH1BtvB},
}

@inproceedings{neurjudge,
author = {Yue, Linan and Liu, Qi and Jin, Binbin and Wu, Han and Zhang, Kai and An, Yanqing and Cheng, Mingyue and Yin, Biao and Wu, Dayong},
title = {NeurJudge: A Circumstance-aware Neural Framework for Legal Judgment Prediction},
year = {2021},
isbn = {9781450380379},
url = {https://doi.org/10.1145/3404835.3462826},
doi = {10.1145/3404835.3462826},
booktitle = {Proceedings of the 44th International ACM SIGIR Conference on Research and Development in Information Retrieval},
pages = {973–982},
}

@inproceedings{Rformer,
author = {Dong, Qian and Niu, Shuzi},
title = {Legal Judgment Prediction via Relational Learning},
year = {2021},
isbn = {9781450380379},
url = {https://doi.org/10.1145/3404835.3462931},
doi = {10.1145/3404835.3462931},
booktitle = {Proceedings of the 44th International ACM SIGIR Conference on Research and Development in Information Retrieval},
pages = {983–992},
}

@article{DBLP:journals/corr/abs-1807-02478,
  author       = {Chaojun Xiao and
                  Haoxi Zhong and
                  Zhipeng Guo and
                  Cunchao Tu and
                  Zhiyuan Liu and
                  Maosong Sun and
                  Yansong Feng and
                  Xianpei Han and
                  Zhen Hu and
                  Heng Wang and
                  Jianfeng Xu},
  title        = {{CAIL2018:} {A} Large-Scale Legal Dataset for Judgment Prediction},
  journal      = {CoRR},
  volume       = {abs/1807.02478},
  year         = {2018},
  url          = {http://arxiv.org/abs/1807.02478},
  eprinttype    = {arXiv},
  eprint       = {1807.02478},
}

@inproceedings{liu-etal-2022-augmenting,
    title = "Augmenting Legal Judgment Prediction with Contrastive Case Relations",
    author = "Liu, Dugang  and
      Du, Weihao  and
      Li, Lei  and
      Pan, Weike  and
      Ming, Zhong",
    booktitle = "Proceedings of the 29th International Conference on Computational Linguistics",
    year = "2022",
    url = "https://aclanthology.org/2022.coling-1.235",
    pages = "2658--2667",
}

@inproceedings{shui-etal-2023-comprehensive,
    title = "A Comprehensive Evaluation of Large Language Models on Legal Judgment Prediction",
    author = "Shui, Ruihao  and
      Cao, Yixin  and
      Wang, Xiang  and
      Chua, Tat-Seng",
    booktitle = "Findings of the Association for Computational Linguistics: EMNLP 2023",
    year = "2023",
    url = "https://aclanthology.org/2023.findings-emnlp.490",
    doi = "10.18653/v1/2023.findings-emnlp.490",
    pages = "7337--7348",
}

@inproceedings{wu-etal-2023-precedent,
    title = "Precedent-Enhanced Legal Judgment Prediction with {LLM} and Domain-Model Collaboration",
    author = "Wu, Yiquan  and
      Zhou, Siying  and
      Liu, Yifei  and
      Lu, Weiming  and
      Liu, Xiaozhong  and
      Zhang, Yating  and
      Sun, Changlong  and
      Wu, Fei  and
      Kuang, Kun",
    booktitle = "Proceedings of the 2023 Conference on Empirical Methods in Natural Language Processing",
    year = "2023",
    url = "https://aclanthology.org/2023.emnlp-main.740",
    doi = "10.18653/v1/2023.emnlp-main.740",
    pages = "12060--12075",
}

@inproceedings{DBLP:conf/cicai/ZhouLWKZW22,
  author       = {Siying Zhou and
                  Yifei Liu and
                  Yiquan Wu and
                  Kun Kuang and
                  Chunyan Zheng and
                  Fei Wu},
  editor       = {Lu Fang and
                  Daniel Povey and
                  Guangtao Zhai and
                  Tao Mei and
                  Ruiping Wang},
  title        = {Similar Case Based Prison Term Prediction},
  booktitle    = {Artificial Intelligence - Second {CAAI} International Conference,
                  {CICAI} 2022, Beijing, China, August 27-28, 2022, Revised Selected
                  Papers, Part {III}},
  series       = {Lecture Notes in Computer Science},
  volume       = {13606},
  pages        = {284--297},
  year         = {2022},
  url          = {https://doi.org/10.1007/978-3-031-20503-3\_23},
  doi          = {10.1007/978-3-031-20503-3\_23},
}

@inproceedings{DBLP:conf/emnlp/ZhongGTX0S18,
  author       = {Haoxi Zhong and
                  Zhipeng Guo and
                  Cunchao Tu and
                  Chaojun Xiao and
                  Zhiyuan Liu and
                  Maosong Sun},
  title        = {Legal Judgment Prediction via Topological Learning},
  booktitle    = {Proceedings of the 2018 Conference on Empirical Methods in Natural
                  Language Processing},
  pages        = {3540--3549},
  year         = {2018},
  url          = {https://doi.org/10.18653/v1/d18-1390},
  doi          = {10.18653/V1/D18-1390},
}

@inproceedings{DBLP:conf/nldb/ZhaoSSA17,
  author       = {Yang Zhao and
                  Hajime Senuma and
                  Xiaoyu Shen and
                  Akiko Aizawa},
  title        = {Gated Neural Network for Sentence Compression Using Linguistic Knowledge},
  booktitle    = {22nd International
                  Conference on Applications of Natural Language to Information Systems,
                  {NLDB}},
  volume       = {10260},
  pages        = {480--491},
  year         = {2017},
  url          = {https://doi.org/10.1007/978-3-319-59569-6\_56},
  doi          = {10.1007/978-3-319-59569-6\_56},
}

@inproceedings{hu-etal-2018-shot,
    title = "Few-Shot Charge Prediction with Discriminative Legal Attributes",
    author = "Hu, Zikun  and
      Li, Xiang  and
      Tu, Cunchao  and
      Liu, Zhiyuan  and
      Sun, Maosong",
    booktitle = "Proceedings of the 27th International Conference on Computational Linguistics",
    year = "2018",
    url = "https://aclanthology.org/C18-1041",
    pages = "487--498",
}

@inproceedings{wang-etal-2022-d2gclf,
    title = "{D}2{GCLF}: Document-to-Graph Classifier for Legal Document Classification",
    author = "Wang, Qiqi  and
      Zhao, Kaiqi  and
      Amor, Robert  and
      Liu, Benjamin  and
      Wang, Ruofan",
    booktitle = "Findings of the Association for Computational Linguistics: NAACL 2022",
    year = "2022",
    url = "https://aclanthology.org/2022.findings-naacl.170",
    doi = "10.18653/v1/2022.findings-naacl.170",
    pages = "2208--2221",
}

@inproceedings{DBLP:conf/acl/GaoCLC00Y23,
  author       = {Shen Gao and
                  Xin Cheng and
                  Mingzhe Li and
                  Xiuying Chen and
                  Jinpeng Li and
                  Dongyan Zhao and
                  Rui Yan},
  title        = {Dialogue Summarization with Static-Dynamic Structure Fusion Graph},
  booktitle    = {Proceedings of the 61st Annual Meeting of the Association for Computational Linguistics},
  pages        = {13858--13873},
  year         = {2023},
  url          = {https://doi.org/10.18653/v1/2023.acl-long.775},
  doi          = {10.18653/V1/2023.ACL-LONG.775},
}

@article{Greco2023BringingOI,
  title={Bringing order into the realm of Transformer-based language models for artificial intelligence and law},
  author={Candida Maria Greco and Andrea Tagarelli},
  journal={Artificial Intelligence and Law},
  year={2023},
  pages={1-148},
  url={https://api.semanticscholar.org/CorpusID:260775420}
}

@article{a072cee8,
 ISSN = {00101958},
 URL = {http://www.jstor.org/stable/1119989},
 author = {Leon Green},
 journal = {Columbia Law Review},
 number = {8},
 pages = {1401--1424},
 publisher = {Columbia Law Review Association, Inc.},
 title = {Foreseeability in Negligence Law},
 urldate = {2024-02-07},
 volume = {61},
 year = {1961}
}

@article{doi:10.1080,
author = {Tania Leiman},
title = {Law and tech collide: foreseeability, reasonableness and advanced driver assistance systems},
journal = {Policy and Society},
volume = {40},
number = {2},
pages = {250-271},
year = {2021},
publisher = {Routledge},
doi = {10.1080/14494035.2020.1787696},
URL = { https://doi.org/10.1080/14494035.2020.1787696
},
}


@article{doi:10.1086/467670,
author = {Perloff, Jeffrey M.},
title = {Breach of Contract and the Foreseeability Doctrine of "Hadley V. Baxendale"},
journal = {The Journal of Legal Studies},
volume = {10},
number = {1},
pages = {39-63},
year = {1981},
doi = {10.1086/467670},
URL = {https://doi.org/10.1086/467670
},
}

@inproceedings{DBLP:conf/ijcai/FengL022,
  author       = {Yi Feng and
                  Chuanyi Li and
                  Vincent Ng},
  editor       = {Luc De Raedt},
  title        = {Legal Judgment Prediction: {A} Survey of the State of the Art},
  booktitle    = {Proceedings of the Thirty-First International Joint Conference on
                  Artificial Intelligence, {IJCAI} 2022, Vienna, Austria, 23-29 July
                  2022},
  pages        = {5461--5469},
  year         = {2022},
  url          = {https://doi.org/10.24963/ijcai.2022/765},
  doi          = {10.24963/IJCAI.2022/765},
}

@article{DBLP:journals/access/CuiSW23,
  author       = {Junyun Cui and
                  Xiaoyu Shen and
                  Shaochun Wen},
  title        = {A Survey on Legal Judgment Prediction: Datasets, Metrics, Models and
                  Challenges},
  journal      = {{IEEE} Access},
  volume       = {11},
  pages        = {102050--102071},
  year         = {2023},
  url          = {https://doi.org/10.1109/ACCESS.2023.3317083},
  doi          = {10.1109/ACCESS.2023.3317083},
}

@inproceedings{zhong-etal-2020-nlp,
    title = "How Does {NLP} Benefit Legal System: A Summary of Legal Artificial Intelligence",
    author = "Zhong, Haoxi  and
      Xiao, Chaojun  and
      Tu, Cunchao  and
      Zhang, Tianyang  and
      Liu, Zhiyuan  and
      Sun, Maosong",
    editor = "Jurafsky, Dan  and
      Chai, Joyce  and
      Schluter, Natalie  and
      Tetreault, Joel",
    booktitle = "Proceedings of the 58th Annual Meeting of the Association for Computational Linguistics",
    year = "2020",
    url = "https://aclanthology.org/2020.acl-main.466",
    doi = "10.18653/v1/2020.acl-main.466",
    pages = "5218--5230",
}

@inproceedings{lyu-etal-2023-multi,
    title = "Multi-Defendant Legal Judgment Prediction via Hierarchical Reasoning",
    author = "Lyu, Yougang  and
      Hao, Jitai  and
      Wang, Zihan  and
      Zhao, Kai  and
      Gao, Shen  and
      Ren, Pengjie  and
      Chen, Zhumin  and
      Wang, Fang  and
      Ren, Zhaochun",
    editor = "Bouamor, Houda  and
      Pino, Juan  and
      Bali, Kalika",
    booktitle = "Findings of the Association for Computational Linguistics: EMNLP 2023",
    year = "2023",
    url = "https://aclanthology.org/2023.findings-emnlp.145",
    doi = "10.18653/v1/2023.findings-emnlp.145",
    pages = "2198--2209",
}

@inproceedings{gan-etal-2023-exploiting,
    title = "Exploiting Contrastive Learning and Numerical Evidence for Confusing Legal Judgment Prediction",
    author = "Gan, Leilei  and
      Li, Baokui  and
      Kuang, Kun  and
      Zhang, Yating  and
      Wang, Lei  and
      Luu, Anh  and
      Yang, Yi  and
      Wu, Fei",
    editor = "Bouamor, Houda  and
      Pino, Juan  and
      Bali, Kalika",
    booktitle = "Findings of the Association for Computational Linguistics: EMNLP 2023",
    year = "2023",
    url = "https://aclanthology.org/2023.findings-emnlp.814",
    doi = "10.18653/v1/2023.findings-emnlp.814",
    pages = "12174--12185",
}

@inproceedings{wu-etal-2022-towards,
    title = "Towards Interactivity and Interpretability: A Rationale-based Legal Judgment Prediction Framework",
    author = "Wu, Yiquan  and
      Liu, Yifei  and
      Lu, Weiming  and
      Zhang, Yating  and
      Feng, Jun  and
      Sun, Changlong  and
      Wu, Fei  and
      Kuang, Kun",
    editor = "Goldberg, Yoav  and
      Kozareva, Zornitsa  and
      Zhang, Yue",
    booktitle = "Proceedings of the 2022 Conference on Empirical Methods in Natural Language Processing",
    month = dec,
    year = "2022",
    url = "https://aclanthology.org/2022.emnlp-main.316",
    doi = "10.18653/v1/2022.emnlp-main.316",
    pages = "4787--4799",
}

@inproceedings{feng-etal-2022-legal,
    title = "Legal Judgment Prediction via Event Extraction with Constraints",
    author = "Feng, Yi  and
      Li, Chuanyi  and
      Ng, Vincent",
    editor = "Muresan, Smaranda  and
      Nakov, Preslav  and
      Villavicencio, Aline",
    booktitle = "Proceedings of the 60th Annual Meeting of the Association for Computational Linguistics (Volume 1: Long Papers)",
    year = "2022",
    url = "https://aclanthology.org/2022.acl-long.48",
    doi = "10.18653/v1/2022.acl-long.48",
    pages = "648--664",
}

@article{https://doi.org/10.1111/,
author = {Harbo, Tor-Inge},
title = {The Function of the Proportionality Principle in EU Law},
journal = {European Law Journal},
volume = {16},
number = {2},
pages = {158-185},
doi = {https://doi.org/10.1111/j.1468-0386.2009.00502.x},
url = {https://onlinelibrary.wiley.com/doi/abs/10.1111/j.1468-0386.2009.00502.x},
eprint = {https://onlinelibrary.wiley.com/doi/pdf/10.1111/j.1468-0386.2009.00502.x},
year = {2010}
}

@book{legalnorm,
	title={The Concept of a Legal System: An Introduction to the Theory of a Legal System},
	author={Joseph Raz},
	year={1983},
	publisher={Clarendon Press}
}

@article{frost2015predictability,
  title={Predictability in the law, prized yet not promoted: A study in judicial priorities},
  author={Frost, Kem Thompson},
  journal={Baylor L. Rev.},
  volume={67},
  pages={48},
  year={2015},
  publisher={HeinOnline}
}

@inproceedings{che-etal-2010-ltp,
    title = "{LTP}: A {C}hinese Language Technology Platform",
    author = "Che, Wanxiang  and
      Li, Zhenghua  and
      Liu, Ting",
    editor = "Liu, Yang  and
      Liu, Ting",
    booktitle = "Coling 2010: Demonstrations",
    month = aug,
    year = "2010",
    address = "Beijing, China",
    publisher = "Coling 2010 Organizing Committee",
    url = "https://aclanthology.org/C10-3004",
    pages = "13--16",
}

@inproceedings{chalkidis-etal-2019-neural,
    title = "Neural Legal Judgment Prediction in {E}nglish",
    author = "Chalkidis, Ilias  and
      Androutsopoulos, Ion  and
      Aletras, Nikolaos",
    editor = "Korhonen, Anna  and
      Traum, David  and
      M{\`a}rquez, Llu{\'\i}s",
    booktitle = "Proceedings of the 57th Annual Meeting of the Association for Computational Linguistics",
    year = "2019",
    url = "https://aclanthology.org/P19-1424",
    doi = "10.18653/v1/P19-1424",
    pages = "4317--4323",
}

@article{DBLP:journals/corr/abs-2303-08774,
  author       = {OpenAI},
  title        = {{GPT-4} Technical Report},
  journal      = {arxiv},
  volume       = {abs/2303.08774},
  year         = {2023},
  url          = {https://doi.org/10.48550/arXiv.2303.08774}
}

@inproceedings{deng-etal-2023-syllogistic,
    title = "Syllogistic Reasoning for Legal Judgment Analysis",
    author = "Deng, Wentao  and
      Pei, Jiahuan  and
      Kong, Keyi  and
      Chen, Zhe  and
      Wei, Furu  and
      Li, Yujun  and
      Ren, Zhaochun  and
      Chen, Zhumin  and
      Ren, Pengjie",
    editor = "Bouamor, Houda  and
      Pino, Juan  and
      Bali, Kalika",
    booktitle = "Proceedings of the 2023 Conference on Empirical Methods in Natural Language Processing",
    month = dec,
    year = "2023",
    url = "https://aclanthology.org/2023.emnlp-main.864",
    doi = "10.18653/v1/2023.emnlp-main.864",
    pages = "13997--14009",
}

@inproceedings{Wu2022TowardsIA,
  title={Towards Interactivity and Interpretability: A Rationale-based Legal Judgment Prediction Framework},
  author={Yiquan Wu and Yifei Liu and Weiming Lu and Yating Zhang and Jun Feng and Changlong Sun and Fei Wu and Kun Kuang},
  booktitle={Conference on Empirical Methods in Natural Language Processing},
  year={2022},
  url={https://api.semanticscholar.org/CorpusID:256460989}
}

@inproceedings{an-etal-2022-charge,
    title = "Do Charge Prediction Models Learn Legal Theory?",
    author = "An, Zhenwei  and
      Huang, Quzhe  and
      Jiang, Cong  and
      Feng, Yansong  and
      Zhao, Dongyan",
    editor = "Goldberg, Yoav  and
      Kozareva, Zornitsa  and
      Zhang, Yue",
    booktitle = "Findings of the Association for Computational Linguistics: EMNLP 2022",
    year = "2022",
    url = "https://aclanthology.org/2022.findings-emnlp.275",
    doi = "10.18653/v1/2022.findings-emnlp.275",
    pages = "3757--3768",
}

@article{chai2014root,
  title={Root mean square error (RMSE) or mean absolute error (MAE)?--Arguments against avoiding RMSE in the literature},
  author={Chai, Tianfeng and Draxler, Roland R},
  journal={Geoscientific model development},
  volume={7},
  number={3},
  pages={1247--1250},
  year={2014},
}

@article{cohen2009pearson,
  title={Pearson correlation coefficient},
  author={Cohen, Israel and Huang, Yiteng and Chen, Jingdong and Benesty, Jacob and Benesty, Jacob and Chen, Jingdong and Huang, Yiteng and Cohen, Israel},
  journal={Noise reduction in speech processing},
  pages={1--4},
  year={2009},
}

@inproceedings{Chen2021NeuralRI,
  title={Neural Relational Inference with Efficient Message Passing Mechanisms},
  author={Siyuan Chen and Jiahai Wang and Guoqing Li},
  booktitle={AAAI Conference on Artificial Intelligence},
  year={2021},
  url={https://api.semanticscholar.org/CorpusID:231698751}
}

@inproceedings{10.1145/3534678.3539338,
author = {Huang, Zijian and Chiang, Meng-Fen and Lee, Wang-Chien},
title = {LinE: Logical Query Reasoning over Hierarchical Knowledge Graphs},
year = {2022},
isbn = {9781450393850},
url = {https://doi.org/10.1145/3534678.3539338},
doi = {10.1145/3534678.3539338},
booktitle = {Proceedings of the 28th ACM SIGKDD Conference on Knowledge Discovery and Data Mining},
pages = {615–625},
numpages = {11},
series = {KDD '22}
}

@inproceedings{NEURIPS2020_1457c0d6,
 author = {Brown, Tom and Mann, Benjamin and Ryder, Nick and Subbiah, Melanie and Kaplan, Jared D and Dhariwal, Prafulla and Neelakantan, Arvind and Shyam, Pranav and Sastry, Girish and Askell, Amanda and Agarwal, Sandhini and Herbert-Voss, Ariel and Krueger, Gretchen and Henighan, Tom and Child, Rewon and Ramesh, Aditya and Ziegler, Daniel and Wu, Jeffrey and Winter, Clemens and Hesse, Chris and Chen, Mark and Sigler, Eric and Litwin, Mateusz and Gray, Scott and Chess, Benjamin and Clark, Jack and Berner, Christopher and McCandlish, Sam and Radford, Alec and Sutskever, Ilya and Amodei, Dario},
 booktitle = {Advances in Neural Information Processing Systems},
 editor = {H. Larochelle and M. Ranzato and R. Hadsell and M.F. Balcan and H. Lin},
 pages = {1877--1901},
 title = {Language Models are Few-Shot Learners},
 url = {https://proceedings.neurips.cc/paper_files/paper/2020/file/1457c0d6bfcb4967418bfb8ac142f64a-Paper.pdf},
 volume = {33},
 year = {2020}
}

@article{Katz2023GPT4PT,
  title={GPT-4 Passes the Bar Exam},
  author={Daniel Martin Katz and Michael James Bommarito and Shang Gao and Pablo Arredondo},
  journal={SSRN Electronic Journal},
  year={2023},
  url={https://api.semanticscholar.org/CorpusID:257572753}
}

@ARTICLE{6471714,
  author={Zhang, Min-Ling and Zhou, Zhi-Hua},
  journal={IEEE Transactions on Knowledge and Data Engineering}, 
  title={A Review on Multi-Label Learning Algorithms}, 
  year={2014},
  volume={26},
  number={8},
  pages={1819-1837},
  doi={10.1109/TKDE.2013.39}}

@inproceedings{vats-etal-2023-llms,
    title = "{LLM}s {--} the Good, the Bad or the Indispensable?: A Use Case on Legal Statute Prediction and Legal Judgment Prediction on {I}ndian Court Cases",
    author = "Vats, Shaurya  and
      Zope, Atharva  and
      De, Somsubhra  and
      Sharma, Anurag  and
      Bhattacharya, Upal  and
      Nigam, Shubham  and
      Guha, Shouvik  and
      Rudra, Koustav  and
      Ghosh, Kripabandhu",
    editor = "Bouamor, Houda  and
      Pino, Juan  and
      Bali, Kalika",
    booktitle = "Findings of the Association for Computational Linguistics: EMNLP 2023",
    year = "2023",
    url = "https://aclanthology.org/2023.findings-emnlp.831",
    doi = "10.18653/v1/2023.findings-emnlp.831",
    pages = "12451--12474",
}

@misc{sun2023short,
      title={A Short Survey of Viewing Large Language Models in Legal Aspect}, 
      author={Zhongxiang Sun},
      year={2023},
      eprint={2303.09136},
      archivePrefix={arXiv},
      primaryClass={cs.CL}
}

@article{zHodi2019limits,
  title={The limits of plain legal language: understanding the comprehensible style in law},
  author={Z{\H{o}}di, Zsolt},
  journal={International Journal of Law in Context},
  volume={15},
  number={3},
  pages={246--262},
  year={2019},
  publisher={Cambridge University Press}
}

@article{chiche2022part,
  title={Part of speech tagging: a systematic review of deep learning and machine learning approaches},
  author={Chiche, Alebachew and Yitagesu, Betselot},
  journal={Journal of Big Data},
  volume={9},
  number={1},
  pages={1--25},
  year={2022},
  publisher={SpringerOpen}
}

@inproceedings{lindemann-etal-2019-compositional,
    title = "Compositional Semantic Parsing across Graphbanks",
    author = "Lindemann, Matthias  and
      Groschwitz, Jonas  and
      Koller, Alexander",
    editor = "Korhonen, Anna  and
      Traum, David  and
      M{\`a}rquez, Llu{\'\i}s",
    booktitle = "Proceedings of the 57th Annual Meeting of the Association for Computational Linguistics",
    year = "2019",
    url = "https://aclanthology.org/P19-1450",
    doi = "10.18653/v1/P19-1450",
    pages = "4576--4585",
}

@article{keuth1974some,
  title={On Some Logical Characteristics of Legal Norms},
  author={Keuth, Herbert},
  journal={Jurimetrics j.},
  volume={15},
  pages={160},
  year={1974},
  publisher={HeinOnline}
}

@inproceedings{10.1145/3375395.3387641,
author = {Grohe, Martin},
title = {word2vec, node2vec, graph2vec, X2vec: Towards a Theory of Vector Embeddings of Structured Data},
year = {2020},
isbn = {9781450371087},
publisher = {Association for Computing Machinery},
address = {New York, NY, USA},
url = {https://doi.org/10.1145/3375395.3387641},
doi = {10.1145/3375395.3387641},
booktitle = {Proceedings of the 39th ACM SIGMOD-SIGACT-SIGAI Symposium on Principles of Database Systems},
pages = {1–16},
numpages = {16},
}

@article{chicco2021coefficient,
  title={The coefficient of determination R-squared is more informative than SMAPE, MAE, MAPE, MSE and RMSE in regression analysis evaluation},
  author={Chicco, Davide and Warrens, Matthijs J and Jurman, Giuseppe},
  journal={PeerJ Computer Science},
  volume={7},
  pages={e623},
  year={2021},
  publisher={PeerJ Inc.}
}

@inproceedings{NEURIPS2022_b1efde53,
 author = {Ouyang, Long and Wu, Jeffrey and Jiang, Xu and Almeida, Diogo and Wainwright, Carroll and Mishkin, Pamela and Zhang, Chong and Agarwal, Sandhini and Slama, Katarina and Ray, Alex and Schulman, John and Hilton, Jacob and Kelton, Fraser and Miller, Luke and Simens, Maddie and Askell, Amanda and Welinder, Peter and Christiano, Paul F and Leike, Jan and Lowe, Ryan},
 booktitle = {Advances in Neural Information Processing Systems},
 editor = {S. Koyejo and S. Mohamed and A. Agarwal and D. Belgrave and K. Cho and A. Oh},
 pages = {27730--27744},
 title = {Training language models to follow instructions with human feedback},
 url = {https://proceedings.neurips.cc/paper_files/paper/2022/file/b1efde53be364a73914f58805a001731-Paper-Conference.pdf},
 volume = {35},
 year = {2022}
}
