
@inproceedings{RenNM19,
	author    = {Liliang Ren and
	Jianmo Ni and
	Julian J. McAuley},
	title     = {Scalable and Accurate Dialogue State Tracking via Hierarchical Sequence
	Generation},
	booktitle = {EMNLP-IJCNLP},
	pages     = {1876--1885},
	year = {2019}
}

@article{abs-1907-01669,
	author    = {Mihail Eric and
	Rahul Goel and
	Shachi Paul and
	Abhishek Sethi and
	Sanchit Agarwal and
	Shuyang Gao and
	Dilek Hakkani{-}T{\"{u}}r},
	title     = {MultiWOZ 2.1: Multi-Domain Dialogue State Corrections and State Tracking
	Baselines},
	journal   = {CoRR},
	volume    = {abs/1907.01669},
	year      = {2019},
}

@inproceedings{NanDNX19,
	author    = {Feng Nan and
	Ran Ding and
	Ramesh Nallapati and
	Bing Xiang},
	title     = {Topic Modeling with Wasserstein Autoencoders},
	booktitle = {ACL},
	pages     = {6345--6381},
	year = {2019}
}


@article{kim2019dynamic,
	title={Dynamic Memory Networks for Dialogue Topic Tracking},
	author={Kim, Seokhwan},
	year={2019}
}

@inproceedings{ShiH19,
	author    = {Zhouxing Shi and
	Minlie Huang},
	title     = {A Deep Sequential Model for Discourse Parsing on Multi-Party Dialogues},
	booktitle = {AAAI},
	pages     = {7007--7014},
	year = {2019}
}
@inproceedings{PerretAAM16,
	author    = {J{\'{e}}r{\'{e}}my Perret and
	Stergos D. Afantenos and
	Nicholas Asher and
	Mathieu Morey},
	title     = {Integer Linear Programming for Discourse Parsing},
	booktitle = {NAACL HLT},
	pages     = {99--109},
	year = {2016}
}
@inproceedings{TaoWXHZY19,
	author    = {Chongyang Tao and
	Wei Wu and
	Can Xu and
	Wenpeng Hu and
	Dongyan Zhao and
	Rui Yan},
	title     = {One Time of Interaction May Not Be Enough: Go Deep with an Interaction-over-Interaction
	Network for Response Selection in Dialogues},
	booktitle = {ACL},
	pages     = {1--11},
	year = {2019}
}
@inproceedings{GuLL19,
	author    = {Jia{-}Chen Gu and
	Zhen{-}Hua Ling and
	Quan Liu},
	title     = {Interactive Matching Network for Multi-Turn Response Selection in
	Retrieval-Based Chatbots},
	booktitle = {CIKM 2019},
	pages     = {2321--2324},
	year = {2019}
}

@article{abs-1901-02609,
	author    = {Qian Chen and
	Wen Wang},
	title     = {Sequential Attention-based Network for Noetic End-to-End Response
	Selection},
	journal   = {CoRR},
	volume    = {abs/1901.02609},
	year      = {2019}
}
@inproceedings{gunasekara2019dstc7,
	title={Dstc7 task 1: Noetic end-to-end response selection},
	author={Gunasekara, Chulaka and Kummerfeld, Jonathan K and Polymenakos, Lazaros and Lasecki, Walter},
	booktitle={Proceedings of the First Workshop on NLP for Conversational AI},
	pages={60--67},
	year={2019}
}
@article{abs-1911-00536,
	author    = {Yizhe Zhang and
	Siqi Sun and
	Michel Galley and
	Yen{-}Chun Chen and
	Chris Brockett and
	Xiang Gao and
	Jianfeng Gao and
	Jingjing Liu and
	Bill Dolan},
	title     = {DialoGPT: Large-Scale Generative Pre-training for Conversational Response
	Generation},
	journal   = {CoRR},
	volume    = {abs/1911.00536},
	year      = {2019}
}
@inproceedings{ChenCQYW19,
	author    = {Wenhu Chen and
	Jianshu Chen and
	Pengda Qin and
	Xifeng Yan and
	William Yang Wang},
	title     = {Semantically Conditioned Dialog Response Generation via Hierarchical
	Disentangled Self-Attention},
	booktitle = {ACL},
	pages     = {3696--3709},
	year = {2019}
}

@inproceedings{LowePSP15,
	author    = {Ryan Lowe and
	Nissan Pow and
	Iulian Serban and
	Joelle Pineau},
	title     = {The Ubuntu Dialogue Corpus: {A} Large Dataset for Research in Unstructured
	Multi-Turn Dialogue Systems},
	booktitle = {SIGDIAL},
	pages     = {285--294},
	year = {2015}
}
@inproceedings{YanSW16,
	author    = {Rui Yan and
	Yiping Song and
	Hua Wu},
	title     = {Learning to Respond with Deep Neural Networks for Retrieval-Based
	Human-Computer Conversation System},
	booktitle = {SIGIR},
	pages     = {55--64},
	year = {2016}
}

@inproceedings{WangWC19,
	author    = {Heyuan Wang and
	Ziyi Wu and
	Junyu Chen},
	title     = {Multi-Turn Response Selection in Retrieval-Based Chatbots with Iterated
	Attentive Convolution Matching Network},
	booktitle = {CIKM},
	pages     = {1081--1090},
	year = {2019}
}
@article{abs-1908-04812,
	author    = {Taesun Whang and
	Dongyub Lee and
	Chanhee Lee and
	Kisu Yang and
	Dongsuk Oh and
	Heuiseok Lim},
	title     = {Domain Adaptive Training {BERT} for Response Selection},
	journal   = {CoRR},
	volume    = {abs/1908.04812},
	year      = {2019}
}
@article{abs-1911-03688,
	author    = {Matthew Henderson and
	I{\~{n}}igo Casanueva and
	Nikola Mrksic and
	Pei{-}Hao Su and
	Tsung{-}Hsien Wen and
	Ivan Vulic},
	title     = {ConveRT: Efficient and Accurate Conversational Representations from
	Transformers},
	journal   = {CoRR},
	volume    = {abs/1911.03688},
	year      = {2019}
}
@article{humeau2019poly,
	title={Poly-encoders: Transformer architectures and pre-training strategies for fast and accurate multi-sentence scoring},
	author={Humeau, Samuel and Shuster, Kurt and Lachaux, Marie-Anne and Weston, Jason},
	journal={CoRR abs/1905.01969},
	volume={2},
	pages={2--2},
	year={2019}
}
@inproceedings{vig2019comparison,
	title={Comparison of Transfer-Learning Approaches for Response Selection in Multi-Turn Conversations},
	author={Vig, Jesse and Ramea, Kalai},
	booktitle={Workshop on DSTC7},
	year={2019}
}
@article{LowePSCLP17,
	author    = {Ryan Thomas Lowe and
	Nissan Pow and
	Iulian Vlad Serban and
	Laurent Charlin and
	Chia{-}Wei Liu and
	Joelle Pineau},
	title     = {Training End-to-End Dialogue Systems with the Ubuntu Dialogue Corpus},
	journal   = {D{\&}D},
	volume    = {8},
	number    = {1},
	pages     = {31--65},
	year      = {2017}
}
@article{mann1988rhetorical,
	title={Rhetorical structure theory: Toward a functional theory of text organization},
	author={Mann, William C and Thompson, Sandra A},
	journal={Text-interdisciplinary Journal for the Study of Discourse},
	volume={8},
	number={3},
	pages={243--281},
	year={1988},
	publisher={Walter de Gruyter, Berlin/New York}
}
@article{taboada2006rhetorical,
	title={Rhetorical structure theory: Looking back and moving ahead},
	author={Taboada, Maite and Mann, William C},
	journal={Discourse studies},
	volume={8},
	number={3},
	pages={423--459},
	year={2006},
	publisher={SAGE publications London, Thousand Oaks, CA and New Delhi}
}
@inproceedings{prasad2008penn,
	title={The Penn Discourse TreeBank 2.0.},
	author={Prasad, Rashmi and Dinesh, Nikhil and Lee, Alan and Miltsakaki, Eleni and Robaldo, Livio and Joshi, Aravind K and Webber, Bonnie L},
	booktitle={LREC},
	year={2008},
	organization={Citeseer}
}
@book{0031949,
	author    = {Nicholas Asher and
	Alex Lascarides},
	title     = {Logics of Conversation},
	series    = {Studies in natural language processing},
	publisher = {Cambridge University Press},
	year      = {2005},
}
@inproceedings{AsherHMBA16,
	author    = {Nicholas Asher and
	Julie Hunter and
	Mathieu Morey and
	Farah Benamara and
	Stergos D. Afantenos},
	title     = {Discourse Structure and Dialogue Acts in Multiparty Dialogue: the
	{STAC} Corpus},
	booktitle = {LREC},
	year = {2016}
}
@inproceedings{AfantenosKAP15,
	author    = {Stergos D. Afantenos and
	Eric Kow and
	Nicholas Asher and
	J{\'{e}}r{\'{e}}my Perret},
	title     = {Discourse parsing for multi-party chat dialogues},
	booktitle = {EMNLP},
	pages     = {928--937},
	year = {2015}
}
@inproceedings{PerretAAM16,
	author    = {J{\'{e}}r{\'{e}}my Perret and
	Stergos D. Afantenos and
	Nicholas Asher and
	Mathieu Morey},
	title     = {Integer Linear Programming for Discourse Parsing},
	booktitle = {NAACL HLT},
	pages     = {99--109},
	year = {2016}
}
@inproceedings{DuPX17,
	author    = {Wenchao Du and
	Pascal Poupart and
	Wei Xu},
	title     = {Discovering Conversational Dependencies between Messages in Dialogs},
	booktitle = {AAAI},
	pages     = {4917--4918},
	year = {2017}
}
@inproceedings{WangO09,
	author    = {Lidan Wang and
	Douglas W. Oard},
	title     = {Context-based Message Expansion for Disentanglement of Interleaved
	Text Conversations},
	booktitle = {NAACL HLT},
	pages     = {200--208},
	year = {2009}
}
@inproceedings{ShenYSC06,
	author    = {Dou Shen and
	Qiang Yang and
	Jian{-}Tao Sun and
	Zheng Chen},
	title     = {Thread detection in dynamic text message streams},
	booktitle = {SIGIR},
	pages     = {35--42},
	year = {2006}
}

@inproceedings{TanWGWPGCY19,
	author    = {Ming Tan and
	Dakuo Wang and
	Yupeng Gao and
	Haoyu Wang and
	Saloni Potdar and
	Xiaoxiao Guo and
	Shiyu Chang and
	Mo Yu},
	title     = {Context-Aware Conversation Thread Detection in Multi-Party Chat},
	booktitle = {EMNLP-IJCNLP},
	pages     = {6455--6460},
	year = {2019}
}
@inproceedings{WuLCZDYZL18,
	author    = {Xiangyang Zhou and
	Lu Li and
	Daxiang Dong and
	Yi Liu and
	Ying Chen and
	Wayne Xin Zhao and
	Dianhai Yu and
	Hua Wu},
	title     = {Multi-Turn Response Selection for Chatbots with Deep Attention Matching
	Network},
	booktitle = {ACL},
	pages     = {1118--1127},
	year = {2018}
}
@inproceedings{ZhangLZZL18,
	author    = {Zhuosheng Zhang and
	Jiangtong Li and
	Pengfei Zhu and
	Hai Zhao and
	Gongshen Liu},
	title     = {Modeling Multi-turn Conversation with Deep Utterance Aggregation},
	booktitle = {COLING},
	pages     = {3740--3752},
	year = {2018}
}
@inproceedings{WuWXZL17,
	author    = {Yu Wu and
	Wei Wu and
	Chen Xing and
	Ming Zhou and
	Zhoujun Li},
	title     = {Sequential Matching Network: {A} New Architecture for Multi-turn Response
	Selection in Retrieval-Based Chatbots},
	booktitle = {ACL},
	pages     = {496--505},
	year = {2017}
}
@article{abs-1802-02614,
	author    = {Jianxiong Dong and
	Jim Huang},
	title     = {Enhance word representation for out-of-vocabulary on Ubuntu dialogue
	corpus},
	journal   = {CoRR},
	volume    = {abs/1802.02614},
	year      = {2018}
}
@inproceedings{DevlinCLT19,
	author    = {Jacob Devlin and
	Ming{-}Wei Chang and
	Kenton Lee and
	Kristina Toutanova},
	title     = {{BERT:} Pre-training of Deep Bidirectional Transformers for Language
	Understanding},
	booktitle = {NAACL-HLT},
	pages     = {4171--4186},
	year = {2019}
}
@article{radford2018improving,
	title={Improving language understanding by generative pre-training},
	author={Radford, Alec and Narasimhan, Karthik and Salimans, Tim and Sutskever, Ilya},
	year={2018}
}
@inproceedings{ZhuKZSUTF15,
	author    = {Yukun Zhu and
	Ryan Kiros and
	Richard S. Zemel and
	Ruslan Salakhutdinov and
	Raquel Urtasun and
	Antonio Torralba and
	Sanja Fidler},
	title     = {Aligning Books and Movies: Towards Story-Like Visual Explanations
	by Watching Movies and Reading Books},
	booktitle = {ICCV},
	pages     = {19--27},
	year = {2015}
}
@article{abs-1904-06472,
	author    = {Matthew Henderson and
	Pawel Budzianowski and
	I{\~{n}}igo Casanueva and
	Sam Coope and
	Daniela Gerz and
	Girish Kumar and
	Nikola Mrksic and
	Georgios Spithourakis and
	Pei{-}Hao Su and
	Ivan Vulic and
	Tsung{-}Hsien Wen},
	title     = {A Repository of Conversational Datasets},
	journal   = {CoRR},
	volume    = {abs/1904.06472},
	year      = {2019},
}
@inproceedings{MazareHRB18,
	author    = {Pierre{-}Emmanuel Mazar{\'{e}} and
	Samuel Humeau and
	Martin Raison and
	Antoine Bordes},
	title     = {Training Millions of Personalized Dialogue Agents},
	booktitle = {EMNLP},
	pages     = {2775--2779},
	year = {2018}
}
@inproceedings{KummerfeldGPAGG19,
	author    = {Jonathan K. Kummerfeld and
	Sai R. Gouravajhala and
	Joseph Peper and
	Vignesh Athreya and
	R. Chulaka Gunasekara and
	Jatin Ganhotra and
	Siva Sankalp Patel and
	Lazaros C. Polymenakos and
	Walter S. Lasecki},
	title     = {A Large-Scale Corpus for Conversation Disentanglement},
	booktitle = {ACL},
	pages     = {3846--3856},
	year = {2019}
}
@inproceedings{ChenZLWJI17,
	author    = {Qian Chen and
	Xiaodan Zhu and
	Zhen{-}Hua Ling and
	Si Wei and
	Hui Jiang and
	Diana Inkpen},
	title     = {Enhanced {LSTM} for Natural Language Inference},
	booktitle = {ACL},
	pages     = {1657--1668},
	year = {2017}
}
@article{dstc8,
	author    = {Seokhwan Kim and
	Michel Galley and
	R. Chulaka Gunasekara and
	Sungjin Lee and
	Adam Atkinson and
	Baolin Peng and
	Hannes Schulz and
	Jianfeng Gao and
	Jinchao Li and
	Mahmoud Adada and
	Minlie Huang and
	Luis Lastras and
	Jonathan K. Kummerfeld and
	Walter S. Lasecki and
	Chiori Hori and
	Anoop Cherian and
	Tim K. Marks and
	Abhinav Rastogi and
	Xiaoxue Zang and
	Srinivas Sunkara and
	Raghav Gupta},
	title     = {The Eighth Dialog System Technology Challenge},
	journal   = {CoRR},
	volume    = {abs/1911.06394},
	year      = {2019},
}

@article{abs-2004-01940,
	author    = {Jia{-}Chen Gu and
	Tianda Li and
	Quan Liu and
	Xiaodan Zhu and
	Zhen{-}Hua Ling and
	Yu{-}Ping Ruan},
	title     = {Pre-Trained and Attention-Based Neural Networks for Building Noetic
	Task-Oriented Dialogue Systems},
	journal   = {CoRR},
	volume    = {abs/2004.01940},
	year      = {2020}
}
