@inproceedings{JaffarYZ07,
  author    = {Joxan Jaffar and
               Roland H. C. Yap and
               Kenny Qili Zhu},
  title     = {Generalized Committed Choice},
  booktitle = {COORDINATION},
  year      = {2007},
  pages     = {191-210}
}

@proceedings{DBLP:conf/coordination/2007,
  editor    = {Amy L. Murphy and
               Jan Vitek},
  title     = {Coordination Models and Languages, 9th International Conference,
               COORDINATION 2007, Paphos, Cyprus, June 6-8, 2007, Proceedings},
  booktitle = {COORDINATION},
  publisher = {Springer},
  series    = {Lecture Notes in Computer Science},
  volume    = {4467},
  year      = {2007}
}

@article{GelernterC92,
  author    = {David Gelernter and
               Nicholas Carriero},
  title     = {Coordination Languages and Their Significance},
  journal   = {Commun. ACM},
  volume    = {35},
  number    = {2},
  year      = {1992},
  pages     = {96-107}
}

@article{BernsteinG83,
  author    = {Philip A. Bernstein and
               Nathan Goodman},
  title     = {Multiversion Concurrency Control - Theory and Algorithms},
  journal   = {ACM Trans. Database Syst.},
  volume    = {8},
  number    = {4},
  year      = {1983},
  pages     = {465-483}
}

@article{BrogiC91,
  author    = {Antonio Brogi and
               Paolo Ciancarini},
  title     = {The Concurrent Language, Shared Prolog},
  journal   = {ACM Trans. Program. Lang. Syst.},
  volume    = {13},
  number    = {1},
  year      = {1991},
  pages     = {99-123}
}

@PHDTHESIS{Mehl:diss,
  title = {The Oz Virtual Machine - Records, Transients, and Deep Guards},
  author = {Michael Mehl},
  year = {1999},
  school = {U. of Saarlandes},
}
% school = {{Technische Fakult{\"a}t der Universit{\"a}t des Saarlandes}},

@inproceedings{SchulteSW94,
  author    = {Christian Schulte and
               Gert Smolka and
               J{\"o}rg W{\"u}rtz},
  title     = {Encapsulated Search and Constraint Programming in Oz},
  booktitle = {PPCP},
  year      = {1994},
  pages     = {134-150}
}

@proceedings{DBLP:conf/ppcp/1994,
  editor    = {Alan Borning},
  title     = {Principles and Practice of Constraint Programming, Second
               International Workshop, PPCP'94, Rosario, Orcas Island,
               Washington, USA, May 2-4, 1994, Proceedings},
  booktitle = {PPCP},
  publisher = {Springer},
  series    = {Lecture Notes in Computer Science},
  volume    = {874},
  year      = {1994},
  isbn      = {3-540-58601-6},
  bibsource = {DBLP, http://dblp.uni-trier.de}
}

@inproceedings{SchulteS94,
  author    = {Christian Schulte and
               Gert Smolka},
  title     = {Encapsulated Search for Higher-order Concurrent Constraint
               Programming},
  booktitle = {SLP},
  year      = {1994},
  pages     = {505-520}
}

@inproceedings{Smolka94,
  author    = {Gert Smolka},
  title     = {The Definition of Kernel Oz},
  booktitle = {Constraint Programming},
  year      = {1994},
  pages     = {251-292}
}

@proceedings{DBLP:journals/lncs/1994-910,
  editor    = {Andreas Podelski},
  title     = {Constraint Programming: Basics and Trends, Ch{\^a}tillon
               Spring School, Ch{\^a}tillon-sur-Seine, France, May 16
               - 20, 1994, Selected Papers},
  booktitle = {Constraint Programming},
  publisher = {Springer},
  series    = {Lecture Notes in Computer Science},
  volume    = {910},
  year      = {1995},
  isbn      = {3-540-59155-9},
  bibsource = {DBLP, http://dblp.uni-trier.de}
}

@book{UnixNetworkProgramming,
  author    = {W. Richard Stevens},
  title     = {Unix network programming},
  publisher = {Prentice Hall},
  year      = {1990},
  pages     = {I-XI, 1-772}
}

@inproceedings{Guttag76,
  author    = {John V. Guttag},
  title     = {Abstract Data Types and the Development of Data Structures},
  booktitle = {Proceedings of the SIGPLAN '76 Conference on Data: Abstraction,
               Definition and Structure},
  publisher = {ACM},
  year      = {1976},
  pages     = {72}
}
