
@article{grabe1991current,
	title={Current developments in second language reading research},
	author={Grabe, William},
	journal={TESOL quarterly},
	volume={25},
	number={3},
	pages={375--406},
	year={1991},
	publisher={Wiley Online Library}
}

@book{nation2001learning,
	title={Learning vocabulary in another language},
	author={Nation, Ian SP},
	year={2001},
	publisher={Ernst Klett Sprachen}
}

@article{qian2002investigating,
	title={Investigating the relationship between vocabulary knowledge and academic reading performance: An assessment perspective},
	author={Qian, David D},
	journal={Language learning},
	volume={52},
	number={3},
	pages={513--536},
	year={2002},
	publisher={Wiley Online Library}
}

@article{manyak2009english,
	title={English vocabulary instruction for English learners},
	author={Manyak, Patrick C and Bauer, Eurydice Bouchereau},
	journal={The Reading Teacher},
	volume={63},
	number={2},
	pages={174--176},
	year={2009},
	publisher={Wiley Online Library}
}
@article{little2006common,
	title={The Common European Framework of Reference for Languages: Content, purpose, origin, reception and impact},
	author={Little, David},
	journal={Language Teaching},
	volume={39},
	number={3},
	pages={167--190},
	year={2006},
	publisher={Cambridge University Press}
}

@article{little2011common,
	title={The common European framework of reference for languages: A research agenda},
	author={Little, David},
	journal={Language Teaching},
	volume={44},
	number={3},
	pages={381--393},
	year={2011},
	publisher={Cambridge University Press}
}

@article{breland1996word,
	title={Word frequency and word difficulty: A comparison of counts in four corpora},
	author={Breland, Hunter M},
	journal={Psychological Science},
	volume={7},
	number={2},
	pages={96--99},
	year={1996},
	publisher={SAGE Publications Sage CA: Los Angeles, CA}
}

@article{ryder1988relationship,
	title={The relationship between word frequency and word knowledge},
	author={Ryder, Randall James and Slater, Wayne H},
	journal={The Journal of Educational Research},
	volume={81},
	number={5},
	pages={312--317},
	year={1988},
	publisher={Taylor \& Francis}
}
@article{chang2018learning,
	title={Learning Vocabulary through Extensive Reading: Word Frequency Levels and L2 Learners' Vocabulary Knowledge Level.},
	author={Chang, Anna and others},
	journal={TESL-EJ},
	volume={22},
	number={1},
	pages={n1},
	year={2018},
	publisher={ERIC}
}

@article{hiebert2019analysis,
	title={An analysis of the features of words that influence vocabulary difficulty},
	author={Hiebert, Elfrieda and Scott, Judith and Castaneda, Ruben and Spichtig, Alexandra},
	journal={Education Sciences},
	volume={9},
	number={1},
	pages={8},
	year={2019},
	publisher={Multidisciplinary Digital Publishing Institute}
}

@article{Evan2008newyork,
	title={The New York Times Annotated Corpus LDC2008T19. DVD.},
	author={Evan,Sandhaus.},
	journal={Philadelphia: Linguistic Data Consortium},
	year={2008}
}

@article{John2004CMU,
	title={The CMU Arctic speech databases},
	author={John, Kominek and Alan W.,Black},
	journal={Proc. 5th ISCA Speech Synthesis Workshop (SSW5), Pittsburgh, PA},
	pages={223-224},
	year={2004}
}
@article{field1988laplacian,
	title={Laplacian smoothing and Delaunay triangulations},
	author={Field, David A},
	journal={Communications in applied numerical methods},
	volume={4},
	number={6},
	pages={709--712},
	year={1988},
	publisher={Wiley Online Library}
}

@inproceedings{toutanova2003feature,
	title={Feature-rich part-of-speech tagging with a cyclic dependency network},
	author={Toutanova, Kristina and Klein, Dan and Manning, Christopher D and Singer, Yoram},
	booktitle={Proceedings of the 2003 conference of the North American chapter of the association for computational linguistics on human language technology-volume 1},
	pages={173--180},
	year={2003},
	organization={Association for computational Linguistics}
}
@inproceedings{schuster2016enhanced,
	title={Enhanced English Universal Dependencies: An Improved Representation for Natural Language Understanding Tasks.},
	author={Schuster, Sebastian and Manning, Christopher D},
	booktitle={LREC},
	pages={23--28},
	year={2016},
	organization={Portoro{\v{z}}, Slovenia}
}

@InProceedings{lahiri:2014:SRW,
	author    = {Lahiri, Shibamouli},
	title     = {{Complexity of Word Collocation Networks: A Preliminary Structural Analysis}},
	booktitle = {Proceedings of the Student Research Workshop at the 14th Conference of the European Chapter of the Association for Computational Linguistics},
	month     = {April},
	year      = {2014},
	address   = {Gothenburg, Sweden},
	publisher = {Association for Computational Linguistics},
	pages     = {96--105},
	url       = {http://www.aclweb.org/anthology/E14-3011}
}

@inproceedings{koehn2005europarl,
	title={Europarl: A parallel corpus for statistical machine translation},
	author={Koehn, Philipp},
	booktitle={MT summit},
	volume={5},
	pages={79--86},
	year={2005},
	organization={Citeseer}
}

@InProceedings{manning-EtAl:2014:P14-5,
	author    = {Manning, Christopher D. and  Surdeanu, Mihai  and  Bauer, John  and  Finkel, Jenny  and  Bethard, Steven J. and  McClosky, David},
	title     = {The {Stanford} {CoreNLP} Natural Language Processing Toolkit},
	booktitle = {Association for Computational Linguistics (ACL) System Demonstrations},
	year      = {2014},
	pages     = {55--60},
	url       = {http://www.aclweb.org/anthology/P/P14/P14-5010}
}

@inproceedings{manning2014stanford,
	title={The Stanford CoreNLP natural language processing toolkit},
	author={Manning, Christopher and Surdeanu, Mihai and Bauer, John and Finkel, Jenny and Bethard, Steven and McClosky, David},
	booktitle={Proceedings of 52nd annual meeting of the association for computational linguistics: system demonstrations},
	pages={55--60},
	year={2014}
}


@article{van2014subtlex,
	title={SUBTLEX-UK: A new and improved word frequency database for British English},
	author={Van Heuven, Walter JB and Mandera, Pawel and Keuleers, Emmanuel and Brysbaert, Marc},
	journal={The Quarterly Journal of Experimental Psychology},
	volume={67},
	number={6},
	pages={1176--1190},
	year={2014},
	publisher={Taylor \& Francis}
}

@article{Bryant2011,
	author = {Brysbaert, Marc and Buchmeier, Matthias and Conrad, Markus and Jacobs, Arthur and Bölte, Jens and Böhl, Andrea},
	year = {2011},
	month = {07},
	pages = {412-24},
	title = {The Word Frequency Effect: A Review of Recent Developments and Implications for the Choice of Frequency Estimates in German},
	volume = {58},
	journal = {Experimental psychology},
	doi = {10.1027/1618-3169/a000123}
}

@inproceedings{chen2016characterizing,
	title={Characterizing text difficulty with word frequencies},
	author={Chen, Xiaobin and Meurers, Detmar},
	booktitle={Proceedings of the 11th Workshop on Innovative Use of NLP for Building Educational Applications},
	pages={84--94},
	year={2016}
}


@inproceedings{koirala2015word,
	title={The word frequency effect on second language vocabulary learning},
	author={Koirala, Cesar},
	booktitle={Critical CALL--Proceedings of the 2015 EUROCALL Conference, Padova, Italy},
	pages={318},
	year={2015},
	organization={Research-publishing. net}
}

@article{kirkpatrick1949vocabulary,
	title={Vocabulary item difficulty and word frequency.},
	author={Kirkpatrick, James J and Cureton, Edward E},
	journal={Journal of Applied Psychology},
	volume={33},
	number={4},
	pages={347},
	year={1949},
	publisher={American Psychological Association}
}


@article{hancke2012readability,
	title={Readability classification for German using lexical, syntactic, and morphological features},
	author={Hancke, Julia and Vajjala, Sowmya and Meurers, Detmar},
	journal={Proceedings of COLING 2012},
	pages={1063--1080},
	year={2012}
}
@inproceedings{nakanishi2012estimating,
	title={Estimating word difficulty using semantic descriptions in dictionaries and Web data},
	author={Nakanishi, Kiyoaki and Kobayashi, Nobuyuki and Shiina, Hiromitsu and Kitagawa, Fumio},
	booktitle={2012 IIAI International Conference on Advanced Applied Informatics},
	pages={324--329},
	year={2012},
	organization={IEEE}
}

@article{anderson1981analysing,
	title={Analysing the Readability of English and Non-English Texts in the Classroom with Lix.},
	author={Anderson, Jonathan},
	year={1981},
	publisher={ERIC}
}
@article{culligan2015comparison,
	title={A comparison of three test formats to assess word difficulty},
	author={Culligan, Brent},
	journal={Language Testing},
	volume={32},
	number={4},
	pages={503--520},
	year={2015},
	publisher={SAGE Publications Sage UK: London, England}
}

@article{alqahtani2015importance,
  title={The importance of vocabulary in language learning and how to be taught},
  author={Alqahtani, Mofareh and others},
  journal={International journal of teaching and education},
  volume={3},
  number={3},
  pages={21--34},
  year={2015},
  publisher={International Institute of Social and Economic Sciences}
}