@conference {Baker_98,
	title = {The {B}erkeley {F}rame{N}et project},
	booktitle = {COLING-ACL {\textquoteright}98: Proceedings of the Conference},
	year = {1998},
	author = {Baker, Collin F. and Fillmore, Charles J. and John B. Lowe}
}
@book{miller1998wordnet,
  title={WordNet: An electronic lexical database},
  author={Miller, George},
  year={1998},
  publisher={MIT press}
}
@inproceedings{ding2012optimizing,
	title={Optimizing index for taxonomy keyword search},
	author={Ding, Bolin and Wang, Haixun and Jin, Ruoming and Han, Jiawei and Wang, Zhongyuan},
	booktitle={Proceedings of the 2012 ACM SIGMOD International Conference on Management of Data},
	year={2012},
	organization={ACM}
}
@article{landis1977measurement,
  title={The measurement of observer agreement for categorical data},
  author={Landis, J Richard and Koch, Gary G},
  journal={biometrics},
  year={1977},
}

@inproceedings{finlayson2011detecting,
  title={Detecting multi-word expressions improves word sense disambiguation},
  author={Finlayson, Mark Alan and Kulkarni, Nidhi},
  booktitle={Proceedings of the Workshop on Multiword Expressions: from Parsing and Generation to the Real World},
  year={2011},
  organization={Association for Computational Linguistics}
}

@article{Cui2016,
author = {Cui, Wanyun and Zhou, Xiyou and Lin, Hangyu and Xiao, Yanghua and Wang, Haixun and Wang, Wei},
title = {{Verb Pattern : A Probabilistic Semantic Representation on Verbs}},
year = {2016}
}

@incollection{Mikolov_nips_2013,
title = {Distributed Representations of Words and Phrases and their Compositionality},
author = {Mikolov, Tomas and Sutskever, Ilya and Chen, Kai and Corrado, Greg S and Dean, Jeff},
booktitle = {Advances in Neural Information Processing Systems 26},
editor = {C. J. C. Burges and L. Bottou and M. Welling and Z. Ghahramani and K. Q. Weinberger},
year = {2013},
}


@Inproceedings{Song-ijcai-2011,
author = {Song, Yangqiu and  and  and  and },
title = {Short Text Conceptualization using a Probabilistic Knowledgebase},
year = {2011},
edition = {IJCAI},
}
@techreport{wang2010toward,
	title={Toward topic search on the web},
	author={Wang, Yue and Li, Hongsong and Wang, Haixun and Zhu, Kenny Q},
	year={2010},
}
@inproceedings{wang2012understanding,
	title={Understanding tables on the web},
	author={Wang, Jingjing and Wang, Haixun and Wang, Zhongyuan and Zhu, Kenny Q},
	booktitle={International Conference on Conceptual Modeling},
	year={2012},
}
@inproceedings{song2011short,
	title={Short text conceptualization using a probabilistic knowledgebase},
	author={Song, Yangqiu and Wang, Haixun and Wang, Zhongyuan and Li, Hongsong and Chen, Weizhu},
	booktitle={Proceedings of the twenty-second international joint conference on artificial intelligence-volume volume three},
	year={2011},
}
@inproceedings{zhu2014reasoning,
	title={Reasoning about object affordances in a knowledge base representation},
	author={Zhu, Yuke and Fathi, Alireza and Fei-Fei, Li},
	booktitle={European conference on computer vision},
	year={2014},
}
@article{bowman2015large,
	title={A large annotated corpus for learning natural language inference},
	author={Bowman, Samuel R and Angeli, Gabor and Potts, Christopher and Manning, Christopher D},
	journal={arXiv preprint arXiv:1508.05326},
	year={2015}
}
@article{dagan2010recognizing,
	title={Recognizing textual entailment: Rational, evaluation and approaches--erratum},
	author={Dagan, Ido and Dolan, Bill and Magnini, Bernardo and Roth, Dan},
	journal={Natural Language Engineering},
	year={2010},
}
@article{Niu2011,
author = {Niu, Xing and Sun, Xinruo and Wang, Haofen and Rong, Shu and Qi, Guilin and Yu, Yong},
journal = {The Semantic Webâ€“ISWC {\ldots}},
title = {{Zhishi. me-weaving Chinese linking open data}},
year = {2011}
}
@article{Wu2012,
author = {Wu, Wentao and Li, Hongsong and Wang, Haixun and Zhu, Kenny Q.},
journal = {Proceedings of the 2012 ACM SIGMOD {\ldots}},
title = {{Probase: A probabilistic taxonomy for text understanding}},
year = {2012}
}
@article{Xu2017,
author = {Xu, Bo and Xu, Yong and Liang, Jiaqing and Xie, Chenhao and Liang, Bin},
title = {{CN-DBpedia: A Never-Ending Chinese Knowledge Extraction System}},
year = {2017}
}
@article{Speer2012a,
author = {Speer, Robert and Havasi, Catherine},
journal = {Proceedings of the Eight International Conference on Language Resources and Evaluation (LREC'12)},
title = {Representing General Relational Knowledge in ConceptNet 5},
year = {2012}
}

