% Encoding: UTF-8

@inproceedings{conrad2007opinion,
  title={Opinion Mining in Legal Blogs},
  author={Conrad, Jack G and Schilder, Frank},
  booktitle={Proceedings of the 11th International Conference on Artificial Intelligence and Law},
  pages={231--236},
  year={2007},
  organization={ACM}
}

@article{horrigan2008online,
  title={Online Shopping},
  author={Horrigan, John A},
  journal={Pew Internet \& American Life Project Report},
  volume={36},
  year={2008}
}

@article{rainie2007election,
  title={Election 2006 Online},
  author={Rainie, Lee and Horrigan, John},
  journal={Pew Internet \& American Life Project Report},
  year={2007}
}

@inproceedings{wiebe1999development,
  title={Development and Use of a Gold-standard Data Set for Subjectivity Classifications},
  author={Wiebe, Janyce M and Bruce, Rebecca F and O'Hara, Thomas P},
  booktitle={Proceedings of the 37th Annual Meeting of the Association for Computational Linguistics on Computational Linguistics},
  pages={246--253},
  year={1999},
  organization={Association for Computational Linguistics}
}

@book{quirk1985comprehensive,
  title={A Comprehensive Grammar of the English Language},
  author={Quirk, Randolph and Crystal, David and Education, Pearson},
  volume={397},
  year={1985},
  publisher={Cambridge Univ Press}
}

@inproceedings{dave2003mining,
  title={Mining the Peanut Gallery: Opinion Extraction and Semantic Classification of Product Reviews},
  author={Dave, Kushal and Lawrence, Steve and Pennock, David M},
  booktitle={Proceedings of the 12th International Conference on World Wide Web},
  pages={519--528},
  year={2003},
  organization={ACM}
}

@book{liu2007web,
  title={Web Data Mining: Exploring Hyperlinks, Contents, and Usage Data},
  author={Liu, Bing},
  year={2007},
  publisher={Springer Science \& Business Media}
}

@inproceedings{das2001yahoo,
  title={Yahoo! for Amazon: Extracting Market Sentiment from Stock Message Boards},
  author={Das, Sanjiv and Chen, Mike},
  booktitle={Proceedings of the Asia Pacific Finance Association Annual Conference (APFA)},
  volume={35},
  pages={43},
  year={2001},
  organization={Bangkok, Thailand}
}

@inproceedings{tong2001operational,
  title={An Operational System for Detecting and Tracking Opinions in On-line Discussion},
  author={Tong, Richard M},
  booktitle={Working Notes of the ACM SIGIR 2001 Workshop on Operational Text Classification},
  volume={1},
  pages={6},
  year={2001}
}

@inproceedings{pang2002thumbs,
  title={Thumbs Up?: Sentiment Classification Using Machine Learning Techniques},
  author={Pang, Bo and Lee, Lillian and Vaithyanathan, Shivakumar},
  booktitle={Proceedings of the ACL-02 Conference on Empirical Methods in Natural Language Processing-Volume 10},
  pages={79--86},
  year={2002},
  organization={Association for Computational Linguistics}
}

@inproceedings{hatzivassiloglou1997predicting,
  title={Predicting the Semantic Orientation of Adjectives},
  author={Hatzivassiloglou, Vasileios and McKeown, Kathleen R},
  booktitle={Proceedings of the 35th Annual Meeting of the Association for Computational Linguistics and Eighth Conference of the European Chapter of the Association for Computational Linguistics},
  pages={174--181},
  year={1997},
  organization={Association for Computational Linguistics}
}

@inproceedings{hatzivassiloglou2000effects,
  title={Effects of Adjective Orientation and Gradability on Sentence Subjectivity},
  author={Hatzivassiloglou, Vasileios and Wiebe, Janyce M},
  booktitle={Proceedings of the 18th Conference on Computational Linguistics-Volume 1},
  pages={299--305},
  year={2000},
  organization={Association for Computational Linguistics}
}

@inproceedings{turney2002thumbs,
  title={Thumbs Up or Thumbs Down?: Semantic Orientation Applied to Unsupervised Classification of Reviews},
  author={Turney, Peter D},
  booktitle={Proceedings of the 40th Annual Meeting on Association for Computational Linguistics},
  pages={417--424},
  year={2002},
  organization={Association for Computational Linguistics}
}

@article{na2004effectiveness,
  title={Effectiveness of Simple Linguistic Processing in Automatic Sentiment Classification of Product Reviews},
  author={Na, Jin-Cheon and Sui, Haiyang and Khoo, Christopher and Chan, Syin and Zhou, Yunyun},
  journal={Advances in Knowledge Organization},
  volume={9},
  pages={49--54},
  year={2004},
  publisher={Citeseer}
}

@article{kennedy2006sentiment,
  title={Sentiment Classification of Movie Reviews Using Contextual Valence Shifters},
  author={Kennedy, Alistair and Inkpen, Diana},
  journal={Computational Intelligence},
  volume={22},
  number={2},
  pages={110--125},
  year={2006}
}

@article{blei2003latent,
  title={Latent Dirichlet Allocation},
  author={Blei, David M and Ng, Andrew Y and Jordan, Michael I},
  journal={The Journal of Machine Learning Research},
  volume={3},
  pages={993--1022},
  year={2003},
  publisher={JMLR. org}
}

@article{blei2012probabilistic,
  title={Probabilistic Topic Models},
  author={Blei, David M},
  journal={Communications of the ACM},
  volume={55},
  number={4},
  pages={77--84},
  year={2012},
  publisher={ACM}
}

@inproceedings{lakkaraju2011exploiting,
  title={Exploiting Coherence for the Simultaneous Discovery of Latent Facets and Associated Sentiments},
  author={Lakkaraju, Himabindu and Bhattacharyya, Chiranjib and Bhattacharya, Indrajit and Merugu, Srujana},
  booktitle={SDM},
  pages={498--509},
  year={2011},
  organization={SIAM}
}

@inproceedings{moghaddam2012design,
  title={On the Design of LDA Models for Aspect-based Opinion Mining},
  author={Moghaddam, Samaneh and Ester, Martin},
  booktitle={Proceedings of the 21st ACM International Conference on Information and Knowledge Management},
  pages={803--812},
  year={2012},
  organization={ACM}
}

@inproceedings{he2011automatically,
  title={Automatically Extracting Polarity-bearing Topics for Cross-domain Sentiment Classification},
  author={He, Yulan and Lin, Chenghua and Alani, Harith},
  booktitle={Proceedings of the 49th Annual Meeting of the Association for Computational Linguistics: Human Language Technologies-Volume 1},
  pages={123--131},
  year={2011},
  organization={Association for Computational Linguistics}
}

@inproceedings{jo2011aspect,
  title={Aspect and Sentiment Unification Model for Online Review Analysis},
  author={Jo, Yohan and Oh, Alice H},
  booktitle={Proceedings of the Fourth ACM International Conference on Web Search and Data Mining},
  pages={815--824},
  year={2011},
  organization={ACM}
}

@inproceedings{li2010sentiment,
  title={Sentiment Analysis with Global Topics and Local Dependency},
  author={Li, Fangtao and Huang, Minlie and Zhu, Xiaoyan},
  booktitle={AAAI Conference on Artificial Intelligence},
  volume={10},
  pages={1371--1376},
  year={2010}
}

@inproceedings{lin2009joint,
  title={Joint Sentiment/Topic Model for Sentiment Analysis},
  author={Lin, Chenghua and He, Yulan},
  booktitle={Proceedings of the 18th ACM Conference on Information and Knowledge Management},
  pages={375--384},
  year={2009},
  organization={ACM}
}

@incollection{zhan2011semantic,
  title={Semantic Dependent Word Pairs Generative Model for Fine-grained Product Feature Mining},
  author={Zhan, Tian-Jie and Li, Chun-Hung},
  booktitle={Advances in Knowledge Discovery and Data Mining},
  pages={460--475},
  year={2011},
  publisher={Springer}
}

@book{ivakhnenko1965cybernetic,
  title={Cybernetic Predicting Devices},
  author={Ivakhnenko, Alekse{\u\i}} Grigor πevich and Lapa, Valentin Grigor{\'e}vich},
  year={1965},
  publisher={CCM Information Corporation}
}

@article{lecun1989backpropagation,
  title={Backpropagation Applied to Handwritten Zip Code Recognition},
  author={LeCun, Yann and Boser, Bernhard and Denker, John S and Henderson, Donnie and Howard, Richard E and Hubbard, Wayne and Jackel, Lawrence D},
  journal={Neural Computation},
  volume={1},
  number={4},
  pages={541--551},
  year={1989},
  publisher={MIT Press}
}

@article{hochreiter1997long,
  title={Long Short-term Memory},
  author={Hochreiter, Sepp and Schmidhuber, J{\"u}rgen},
  journal={Neural Computation},
  volume={9},
  number={8},
  pages={1735--1780},
  year={1997},
  publisher={MIT Press}
}

@article{cortes1995support,
  title={Support-vector Networks},
  author={Cortes, Corinna and Vapnik, Vladimir},
  journal={Machine Learning},
  volume={20},
  number={3},
  pages={273--297},
  year={1995},
  publisher={Springer}
}

@article{schmidhuber1992learning,
  title={Learning Complex, Extended Sequences Using the Principle of History Compression},
  author={Schmidhuber, J{\"u}rgen},
  journal={Neural Computation},
  volume={4},
  number={2},
  pages={234--242},
  year={1992},
  publisher={MIT Press}
}

@article{hinton2006reducing,
  title={Reducing the Dimensionality of Data with Neural Networks},
  author={Hinton, Geoffrey E and Salakhutdinov, Ruslan R},
  journal={Science},
  volume={313},
  number={5786},
  pages={504--507},
  year={2006},
  publisher={American Association for the Advancement of Science}
}

@inproceedings{mikolov2013distributed,
  title={Distributed Representations of Words and Phrases and their Compositionality},
  author={Mikolov, Tomas and Sutskever, Ilya and Chen, Kai and Corrado, Greg S and Dean, Jeff},
  booktitle={Advances in Neural Information Processing Systems},
  pages={3111--3119},
  year={2013}
}

@inproceedings{mnih2013learning,
  title={Learning Word Embeddings Efficiently with Noise-contrastive Estimation},
  author={Mnih, Andriy and Kavukcuoglu, Koray},
  booktitle={Advances in Neural Information Processing Systems},
  pages={2265--2273},
  year={2013}
}

@article{bengio2008adaptive,
  title={Adaptive Importance Sampling to Accelerate Training of a Neural Probabilistic Language Model},
  author={Bengio, Yoshua and Sen{\'e}cal, Jean-S{\'e}bastien},
  journal={IEEE Transactions on Neural Networks},
  volume={19},
  number={4},
  pages={713--722},
  year={2008},
  publisher={IEEE}
}

@inproceedings{bengio2003quick,
  title={Quick Training of Probabilistic Neural Nets by Importance Sampling.},
  author={Bengio, Yoshua and Sen{\'e}cal, Jean-S{\'e}bastien and others},
  booktitle={AISTATS},
  year={2003}
}

@inproceedings{levy2014neural,
  title={Neural Word Embedding as Implicit Matrix Factorization},
  author={Levy, Omer and Goldberg, Yoav},
  booktitle={Advances in Neural Information Processing Systems},
  pages={2177--2185},
  year={2014}
}

@inproceedings{pennington2014glove,
  title={Glove: Global Vectors for Word Representation},
  author={Pennington, Jeffrey and Socher, Richard and Manning, Christopher D},
  booktitle={Conference on Empirical Methods in Natural Language Processing},
  volume={14},
  pages={1532--1543},
  year={2014}
}

@article{shazeer2016swivel,
  title={Swivel: Improving Embeddings by Noticing What's Missing},
  author={Shazeer, Noam and Doherty, Ryan and Evans, Colin and Waterson, Chris},
  journal={arXiv preprint arXiv:1602.02215},
  year={2016}
}

@incollection{bengio2006neural,
  title={Neural Probabilistic Language Models},
  author={Bengio, Yoshua and Schwenk, Holger and Sen{\'e}cal, Jean-S{\'e}bastien and Morin, Fr{\'e}deric and Gauvain, Jean-Luc},
  booktitle={Innovations in Machine Learning},
  pages={137--186},
  year={2006},
  publisher={Springer}
}

@article{hochreiter1991untersuchungen,
  title={Untersuchungen zu Dynamischen Neuronalen Netzen},
  author={Hochreiter, Sepp},
  journal={Master's thesis, Institut fur Informatik, Technische Universitat, Munchen},
  year={1991}
}

@misc{hochreiter2001gradient,
  title={Gradient Flow in Recurrent Nets: the Difficulty of Learning Long-term Dependencies},
  author={Hochreiter, Sepp and Bengio, Yoshua and Frasconi, Paolo and Schmidhuber, J{\"u}rgen},
  year={2001},
  publisher={A Field Guide to Dynamical Recurrent Neural Networks. IEEE Press}
}

@article{mikolov2013efficient,
  title={Efficient Estimation of Word Representations in Vector Space},
  author={Mikolov, Tomas and Chen, Kai and Corrado, Greg and Dean, Jeffrey},
  journal={arXiv preprint arXiv:1301.3781},
  year={2013}
}

@article{cho2015on,
  title={On Using Very Large Target Vocabulary for Neural Machine Translation},
  author={Cho, S{\'e}bastien Jean Kyunghyun and Memisevic, Roland and Bengio, Yoshua}
}

@inproceedings{devlin2014fast,
  title={Fast and Robust Neural Network Joint Models for Statistical Machine Translation.},
  author={Devlin, Jacob and Zbib, Rabih and Huang, Zhongqiang and Lamar, Thomas and Schwartz, Richard M and Makhoul, John},
  booktitle={Proceedings of the 52th Annual Meeting of the Association for Computational Linguistics on Computational Linguistics},
  pages={1370--1380},
  year={2014},
  organization={Citeseer}
}


@inproceedings{moghaddam2011ILDA,
  title={ILDA: interdependent LDA model for learning latent aspects and their ratings from online product reviews},
  author={Moghaddam, Samaneh and Ester, Martin},
  booktitle={SIGIR},
  year={2011}
}

@inproceedings{pascanu2013on,
  title={On the Difficulty of Training Recurrent Neural Networks},
  author={Pascanu, Razvan and Mikolov, Tomas and Bengio, Yoshua},
  booktitle={International Conference on Machine Learning},
  year={2013}
}

@article{he2015deep,
  title={Deep Residual Learning for Image Recognition},
  author={He, Kaiming and Zhang, Xiangyu and Ren, Shaoqing and Sun, Jian},
  journal={arXiv preprint arXiv:1512.03385},
  year={2015},
}


@article{huang2016deep,
  title={Deep Networks with Stochastic Depth},
  author={Huang, Gao and Sun, Yu and Liu, Zhuang and Sedra, Daniel and Weinberger, Kilian Q.},
  journal={arXiv preprint arXiv:1603.09382},
  year={2016},
}

@article{srivastava2015highway,
  title={Highway Networks},
  author={Srivastava, Rupesh Kumar and Greff, Klaus and Schmidhuber, J{\"{u}rgen},
  journal={arXiv preprint arXiv:1505.00387},
  year={2015},
}

@inproceedings{socher2011parsing,
  title={Parsing Natural Scenes and Natural Language with Recursive Neural Networks},
  author={Socher, Richard and Lin, Cliff Chiung-Yu and Ng, Andrew Y. and Manning Christopher D. },
  booktitle={International Conference on Machine Learning},
  year={2011}
}

@inproceedings{le2014distributed,
  title={Distributed Representations of Sentences and Documents},
  author={Le, Quoc V. and Mikolov, Tomas},
  booktitle={International Conference on Machine Learning},
  year={2014}
}

@article{bengio2000a,
  title={A Neural Probabilistic Language Model},
  author={Bengio, Yoshua and Ducharme, R{\'e}jean and Vincent, Pascal and Janvin, Christian},
  journal={Journal of Machine Learning Research},
  year={2000},
  volume={3},
  pages={1137-1155}
}

@inproceedings{steyvers2005probabilistic,
  title={Probabilistic Topic Models},
  author={Steyvers, Mark and Griffiths, Tom},
  year={2005}
}

@article{fukushima1979organization,
  title={Organization of Trigeminothalamic Tracts and Other Thalamic Afferent Systems of the Brainstem in the Rat: Presence of Gelatinosa Neurons with Thalamic Connections},
  author={Fukushima, Takanori and Kerr, Frederick WL},
  journal={Journal of Comparative Neurology},
  volume={183},
  number={1},
  pages={169--184},
  year={1979},
  publisher={Wiley Online Library}
}

@inproceedings{titov2008modeling,
  title={Modeling Online Reviews with Multi-grain Topic Models},
  author={Titov, Ivan and McDonald, Ryan},
  booktitle={Proceedings of the 17th international Conference on World Wide Web},
  pages={111--120},
  year={2008},
  organization={ACM}
}

@inproceedings{jozefowicz2015empirical,
  title={An Empirical Exploration of Recurrent Network Architectures},
  author={Jozefowicz, Rafal and Zaremba, Wojciech and Sutskever, Ilya},
  booktitle={Proceedings of the 32nd International Conference on Machine Learning (ICML-15)},
  pages={2342--2350},
  year={2015}
}

@inproceedings{agirrea2015semeval,
  title={Semeval-2015 Task 2: Semantic Textual Similarity, English, Spanish and Pilot on Interpretability},
  author={Agirrea, Eneko and Baneab, Carmen and Cardiec, Claire and Cerd, Daniel and Diabe, Mona and Gonzalez-Agirrea, Aitor and Guof, Weiwei and Lopez-Gazpioa, Inigo and Maritxalara, Montse and Mihalceab, Rada and others},
  booktitle={Proceedings of the 9th International Workshop on Semantic Evaluation (SemEval 2015)},
  pages={252--263},
  year={2015}
}

@inproceedings{socher2013recursive,
  title={Recursive Deep Models for Semantic Compositionality Over a Sentiment Treebank},
  author={Socher, Richard and Perelygin, Alex and Wu, Jean Y and Chuang, Jason and Manning, Christopher D and Ng, Andrew Y and Potts, Christopher},
  booktitle={Proceedings of the Conference on Empirical Methods in Natural Language Processing (EMNLP)},
  volume={1631},
  pages={1642},
  year={2013},
  organization={Citeseer}
}

@article{rumelhart1988learning,
    title={Learning Representations by Back-propagating Errors},
    author={Rumelhart, David E and Hinton, Geoffrey E and Williams, Ronald J},
    journal={Cognitive Modeling},
    volume={5},
    pages={3},
    year={1988},
    category={Neural Language Models}
}
