@ARTICLE{,
  AUTHOR =       {},
  normalauthor = {},
  TITLE =        {},
  JOURNAL =      {},
  YEAR =         {},
  miscyear =     {},
  VOLUME =       {},
  NUMBER =       {},
  PAGES =        {},
  MONTH =        {},
  TypeofLit =    {},
  date =         {},
  modifydate =   {},
  citedate =     {},
  url =          {},
  language =     {},
}
