@BOOK{,
  AUTHOR =       {},
  normalauthor = {},
  EDITOR =       {},
  normaleditor = {},
  YEAR =         {},
  miscyear =     {},
  TITLE =        {},
  EDITION =      {},
  ADDRESS =      {},
  PUBLISHER =    {},
  translator =   {},
  TypeofLit =    {},
  startyear =    {},
  startvolume =  {},
  startnumber =  {},
  endyear =      {},
  endvolume =    {},
  endnumber =    {},
  date =         {},
  modifydate =   {},
  citedate =     {},
  url =          {},
  language =     {},
}

