@INCOLLECTION{,
  CROSSREF =     {},
  author =       {},
  title =        {},
  chapter =      {},
  pages =        {},
  note =         {},
  abstract =     {},
  keywords =     {},
  source =       {},
  language =     {},
}
