@INBOOK{,
  CROSSREF =     {},
  author =       {},
  title =        {},
  CHAPTER =      {},
  pages =        {},
  note =         {},
  abstract =     {},
  keywords =     {},
  language =     {},
}

