@INCOLLECTION{,
  AUTHOR =       {},
  normalauthor = {},
  EDITOR =       {},
  normaleditor = {},
  YEAR =         {},
  miscyear =     {},
  TITLE =        {},
  EDITION =      {},
  BOOKTITLE =    {},
  PAGES =        {},
  ADDRESS =      {},
  PUBLISHER =    {},
  translator =   {},
  TypeofLit =    {},
  date =         {},
  modifydate =   {},
  citedate =     {},
  url =          {},
  language =     {},
}
