@INCOLLECTION{,
  CROSSREF =     {},
  author =       {},
  TITLE =        {},
  chapter =      {},
  pages =        {},
  note =         {},
  abstract =     {},
  keywords =     {},
  language =     {},
}

