@INPROCEEDINGS{,
  CROSSREF =     {},
  AUTHOR =       {},
  TITLE =        {},
  pages =        {},
  note =         {},
  abstract =     {},
  keywords =     {},
  language =     {},
}

