@MASTERSTHESIS{,
  AUTHOR =       {},
  normalauthor = {},
  YEAR =         {},
  miscyear =     {},
  TITLE =        {},
  EDITION =      {},
  ADDRESS =      {},
  SCHOOL =       {},
  language =     {},
}

