@MISC{,
  AUTHOR =       {},
  normalauthor = {},
  EDITOR =       {},
  normaleditor = {},
  TITLE =        {},
  YEAR =         {},
  miscyear =     {},
  TypeofLit =    {},
  COUNTRY =      {},
  PATENTID =     {},
  date =         {},
  modifydate =   {},
  citedate =     {},
  url =          {},
  language =     {},
}

