@PROCEEDINGS{,
  TITLE =        {},
  YEAR =         {},
  editor =       {},
  publisher =    {},
  volume =       {},
  number =       {},
  series =       {},
  organization = {},
  address =      {},
  month =        {},
  note =         {},
  abstract =     {},
  isbn =         {},
  price =        {},
  keywords =     {},
  source =       {},
  language =     {},
}

