@TECHREPORT{,
  AUTHOR =       {},
  normalauthor = {},
  EDITOR =       {},
  normaleditor = {},
  YEAR =         {},
  miscyear =     {},
  TITLE =        {},
  EDITION =      {},
  ADDRESS =      {},
  INSTITUTION =  {},
  language =     {},
}
