@UNPUBLISHED{,
  AUTHOR =       {},
  TITLE =        {},
  NOTE =         {},
  year =         {},
  month =        {},
  abstract =     {},
  keywords =     {},
  source =       {},
  language =     {},
}

