@article{Whitbeck10:Plausible,
  author    = {John Whitbeck and Marcelo Dias de Amorim and Vania Conan},
  title     = {Plausible Mobility: Inferring Movement from Contacts},
  journal   = {CoRR},
  volume    = {abs/1001.3673},
  year      = {2010}
}

@inproceedings{Ananth09:Startrack,
  author    = {Ganesh Ananthanarayanan and
               Maya Haridasan and
               Iqbal Mohomed and
               Doug Terry and
               Chandramohan A. Thekkath},
  title     = {StarTrack: a framework for enabling track-based applications},
  booktitle = {MobiSys},
  year      = {2009},
  pages     = {207-220}
}

@inproceedings{Constandache10:SeeBob,
  author    = {Ionut Constandache and
               Xuan Bao and
               Martin Azizyan and
               Romit Roy Choudhury},
  title     = {Did you see Bob?: human localization using mobile phones},
  booktitle = {MOBICOM},
  year      = {2010},
  pages     = {149-160}
}

@inproceedings{Ma10:PrivacyTraces,
  author    = {Chris Y. T. Ma and
               David K. Y. Yau and
               Nung Kwan Yip and
               Nageswara S. V. Rao},
  title     = {Privacy vulnerability of published anonymous mobility traces},
  booktitle = {MOBICOM},
  year      = {2010},
  pages     = {185-196}
}

@inproceedings{Chintalapudi10:IndoorLoc,
  author    = {Krishna Chintalapudi and
               Anand Padmanabha Iyer and
               Venkata N. Padmanabhan},
  title     = {Indoor localization without the pain},
  booktitle = {MOBICOM},
  year      = {2010},
  pages     = {173-184}
}

@inproceedings{HustedM10:Malnets,
  author    = {Nathaniel Husted and
               Steven Myers},
  title     = {Mobile location tracking in metro areas: malnets and others},
  booktitle = {ACM Conference on Computer and Communications Security},
  year      = {2010},
  pages     = {85-96}
}

@inproceedings{Otsason05:GSMLoc,
  author    = {Veljo Otsason and
               Alex Varshavsky and
               Anthony LaMarca and
               Eyal de Lara},
  title     = {Accurate {GSM} Indoor Localization},
  booktitle = {Ubicomp},
  year      = {2005},
  pages     = {141-158}
}

@inproceedings{Gutta00:ContentRecommender,
  author    = {Srinivas Gutta and
               Kaushal Kurapati and
               K. P. Lee and
               Jacquelyn Martino and
               John Milanski and
               J. David Schaffer and
               John Zimmerman},
  title     = {TV Content Recommender System},
  booktitle = {AAAI/IAAI},
  year      = {2000},
  pages     = {1121-1122}
}

@article{Velusamy08:AdRecommend,
  author    = {Sudha Velusamy and
               Lakshmi Gopal and
               Shalabh Bhatnagar and
               Sridhar Varadarajan},
  title     = {An efficient ad recommendation system for TV programs},
  journal   = {Multimedia Syst.},
  volume    = {14},
  number    = {2},
  year      = {2008},
  pages     = {73-87}
}

@article{Zhiwen06:RecommendMultiViewers,
  author    = {Zhiwen Yu and
               Xingshe Zhou and
               Yanbin Hao and
               Jianhua Gu},
  title     = {TV Program Recommendation for Multiple Viewers Based on
               user Profile Merging},
  journal   = {User Model. User-Adapt. Interact.},
  volume    = {16},
  number    = {1},
  year      = {2006},
  pages     = {63-82}
}

@inproceedings{Laudy08:InfoFusion,
  author    = {Claire Laudy and
               Jean-Gabriel ganascia},
  title     = {Information Fusion in a TV program Recommendation System},
  booktitle = {Information Fusion International Conference},
  year      = {2008},
  pages     = {1-8}
}

@article{Lee10:RecommendunderCloud,
  author    = {SeungGwan Lee and
               Daeho Lee and
               Sungwon Lee},
  title     = {Personalized DTV Program Recommendation System under a Cloud Computing Environment},
  journal   = {IEEE Transactions on Consumer Electronics},
  volume    = {56},
  number    = {2},
  year      = {2010},
  pages     = {1034-1042}
}

@article{Barneveld04:Interface,
  author    = {Jeroen Van Barneveld and
               Mark Van Setten},
  title     = {Designing Usable Interfaces for TV Recommender Systems},
  journal   = {Human-Computer Interaction Series},
  volume    = {6},
  number    = {3},
  year      = {2004},
  pages     = {259-285}
}

@inproceedings{Ikawa10:Evaluate,
  author    = {Kazuki Ikawa and
               Tomohiro Fukuhara and
               Hideki Fujii and
               Hideaki Takeda},
  title     = {Evaluation of a TV Programs Recommendation using the EPG and Viewer's Log Data},
  booktitle = {Adjunct Proceedings EuroITV 2010},
  year      = {2010},
  pages     = {182-185}
}

@inproceedings{CelmaRH05:MusicRecommend,
  author    = {{\`O}scar Celma and
               Miquel Ram\'{\i}rez and
               Perfecto Herrera},
  title     = {Foafing the Music: A Music Recommendation System based on
               RSS Feeds and User Preferences},
  booktitle = {ISMIR},
  year      = {2005},
  pages     = {464-467}
}

@inproceedings{SarwarKKR01:itembased,
  author    = {Badrul M. Sarwar and George Karypis and Joseph A. Konstan and John Riedll}, 
  title     = {Item-based collaborative filtering recommendation algorithms},
  booktitle = {WWW},
  year      = {2001},
  pages     = {285-295}
}

@inproceedings{Sarwar00:ECommerceRecommend,
  author    = {Badrul M. Sarwar and
               George Karypis and
               Joseph A. Konstan and
               John Riedl},
  title     = {Analysis of recommendation algorithms for e-commerce},
  booktitle = {ACM Conference on Electronic Commerce},
  year      = {2000},
  pages     = {158-167}
}

@book{Rao00:LeastSquare,
  author    ={C. R. Rao and 
              H. Toutenburg and 
              A. Fieger and 
              C. Heumann and 
              T. Nittner and S. Scheid},
  booktitle     ={Linear Models: Least Squares and Alternatives},
  year      ={1999}
}

@misc{tv-url,
  title = {{PredicTV} Web Demo},
  howpublished = "\url{http://adapt.seiee.sjtu.edu.cn:8080/PredicTV}"
}

@inproceedings{Schein02:ColdStart,
  author    = {Andrew I. Schein and
               Alexandrin Popescul and
               Lyle H. Ungar and
               David M. Pennock},
  title     = {Methods and metrics for cold-start recommendations},
  booktitle = {SIGIR},
  year      = {2002},
  pages     = {253-260},
}
